2648 4830
72 354 1104 378 mmfflmnlmmmfflwssfflmmwtffl

156 595 572 761 [norom
642 636 1005 813 orriolo

500 885 534 953 S.
561 886 598 952 P.
626 884 669 952 D.

328 1078 383 1189 N.
418 1105 468 1190 n.
503 1103 839 1190 nauatae,

490 1327 676 1352 w

64 1442 129 1559 Ex
145 1481 412 1581 omnibusque
426 1480 584 1552 adhunc
601 1480 696 1553 diem
711 1480 926 1578 prodierunt
937 1479 1041 1551 Plinii
1059 1487 1122 1552 Ju-
1191 1479 1197 1494 ’

62 1607 163 1676 nioris
187 1603 427 1693 editionibus,
450 1630 493 1676 ea
515 1629 624 1701 quam
653 1603 752 1675 dedit
780 1609 970 1691 Scnnrnn,
995 1606 1123 1702 Lipsiae

64 1729 166 1817 1805,
191 1729 301 1825 digna
324 1727 431 1799 nobis
456 1730 531 1800 visa
551 1743 605 1799 est
627 1753 737 1824 quam
762 1728 992 1826 eligeremus,
1009 1743 1051 1798 ut
1073 1726 1125 1798 illi

60 1855 154 1949 quasi
172 1852 431 1942 fundamento,
451 1868 616 1924 nostrum
636 1852 815 1939 laborem,
835 1854 1058 1948 quicumque
1078 1849 1126 1921 fo·

60 1994 108 2047 ret
120 1992 490 2074 ,.superstrueremus
510 1979 574 2050 Ille
590 1979 688 2050 enim
704 2003 781 2048 non
802 1978 921 2049 solum
943 1999 1125 2048 commen-

58 2102 151 2168 tariis
175 2099 285 2170 hunc
296 2115 482 2172 auctorem
509 2082 739 2217 amplili'cdrit
749 2095 884 2206 actito
889 2090 1065 2194 sanoqtie
1060 2099 1126 2192 ju-

60 2221 147 2291 dicio
163 2221 436 2318 praestantibus,
450 2222 513 2294 sed
527 2224 657 2308 etiam,
667 2220 820 2320 siquid
812 2248 850 2292 m
865 2222 954 2298 aliis
942 2246 1019 2317 qur
1009 2221 1128 2293 hanc

61 2346 240 2414 materiam
263 2359 345 2416 ante
367 2347 484 2443 ipsum
505 2355 770 2435 tractaverunt,
784 2324 875 2430 b'orii
894 2328 1031 2431 indrat,
1055 2342 1129 2414 hoc

62 2468 195 2564 selegit,
208 2482 244 2538 et
260 2469 332 2538 suis
344 2470 456 2566 ipsius
467 2467 792 2539 lucubrationibus
790 2467 952 2544 addidit
955 2471 1128 2538 Attamen

61 2587 126 2658 hoc
148 2614 256 2686 opus,
278 2590 362 2660 licet
383 2592 520 2661 meritis
538 2589 712 2662 laudibus
730 2560 937 2679 extollatur,
958 2589 1128 2662 omnibus

61 2714 217 2783 numeris
249 2739 325 2783 non
355 2738 431 2785 esse
458 2713 666 2785 absdlutum
696 2714 814 2786 dicere
851 2717 975 2785 ausim.
1003 2716 1128 2803 Quum

63 2837 192 2907 scilicet
212 2836 250 2907 id
274 2835 341 2907 sibi
362 2840 610 2935 proposuisset
633 2837 818 2924 Scnnrnn,
837 2853 879 2908 ut
904 2839 1026 2908 omnia
1050 2839 1130 2909 loca

52 2950 138 3052 'quae
152 2960 191 3028 in
201 2959 315 3029 Plinio
325 2958 528 3030 difficiliora
537 2958 793 3046 occurrebant,
807 2960 1016 3049 illustraret;
1029 2976 1069 3031 ut
1083 2961 1128 3033 le·

64 3083 196 3153 ctiones
210 3083 441 3168 adulteratas,
458 3085 530 3153 sive
544 3085 671 3171 aetatis,
688 3085 763 3154 sive
777 3081 1008 3154 librariorum
1023 3085 1127 3174 vitio,

65 3204 225 3275 codicum
241 3206 453 3276 auctoritate
469 3219 530 3275 aut
548 3205 622 3275 suis
638 3205 752 3302 ipsius
768 3208 987 3302 argumentis
1006 3207 1127 3295 nixus,

64 3329 262 3398 restitueret
271 3354 288 3414 3.
307 3343 345 3398 et
368 3352 483 3399 novos
512 3327 670 3424 denique
697 3353 822 3399 sensus
845 3343 1005 3417 notaret,
1034 3353 1128 3425 quos

65 3472 143 3520 usus
163 3450 209 3520 ab
229 3475 337 3522 aurea
355 3425 415 3520 illa
428 3451 612 3522 latinitatis
636 3452 812 3548 elegantia
833 3453 1028 3524 deflectens
1046 3476 1130 3549 pau·

64 3571 157 3643 latim
181 3572 304 3644 verbis
328 3575 533 3663 addiderat;
552 3576 717 3671 quaedam
745 3576 813 3646 alia
841 3576 1009 3672 neglexit.
1032 3576 1130 3648 Nihil

64 3693 132 3767 lere
151 3698 248 3794 apud
268 3723 352 3768 eum
367 3701 540 3795 reperies,
557 3699 656 3797 quod
671 3699 715 3769 ad
732 3699 812 3769 illos
826 3700 921 3768 viros
934 3702 1129 3797 pertineat,
1170 3692 1177 3698 ’

66 3817 193 3911 quibus
208 3819 380 3916 epistolas
398 3821 496 3889 misit
514 3820 665 3906 Plinius,
684 3843 777 3917 quos
795 3817 860 3891 ubi
874 3825 1003 3894 Lector
1017 3847 1129 3894 nove·

65 3941 123 4029 rit,
139 3942 336 4036 jucundius
353 3945 391 4012 in
410 3943 466 4015 his
482 3942 760 4014 narratiunculis
778 3958 815 4016 et
832 3944 1131 4016 confabulationi-

65 4059 128 4134 bus
139 4065 338 4153 detinetur,
354 4090 435 4161 quae
449 4067 597 4139 minime
606 4082 795 4138 moverent
807 4068 926 4152 illum,
942 4071 970 4139 si
986 4071 1129 4165 ignotos
