2648 4830
386 381 458 448 AD
482 382 509 448 J.
536 381 577 448 A.
603 380 927 449 ERNESTIUM.
1083 410 1190 455 xxxix

117 506 319 583 periphrases,
333 503 507 578 exergasiae,
522 502 667 571 otiosam,
684 503 815 572 tardam,
833 515 861 560 et
875 502 1053 561 inefficacem
1073 525 1191 565 revera

118 598 238 656 reddant
247 597 427 665 orationem,
438 596 627 671 quantumvis
637 615 740 672 magna
753 597 938 655 volubilitate
947 609 1189 676 contorqueatur.

150 707 202 773 vt,
218 724 248 774 a,
261 704 291 760 3.
306 705 404 778 Quasi
412 705 621 779 deprehensum
636 726 697 762 non
712 706 797 776 satis,
814 708 951 777 utvideo,
964 709 1116 783 explicavi.
1132 713 1190 765 De-

112 796 246 872 prehensi
259 795 385 872 quidem
406 797 490 853 notio
509 799 577 854 satis
600 796 695 870 clara,
712 810 741 854 et
756 798 781 854 si
803 799 869 874 quis
893 800 1028 870 dubitat,
1046 803 1191 878 inspicere

118 889 318 961 licetQuintil.
331 891 357 957 1,
370 908 417 960 ra,
430 892 525 960 43VI,
540 892 568 962 3,
584 911 653 962 1003
665 894 707 960 X,
719 913 747 964 7,
763 912 815 968 293
830 895 900 964 XII,
914 914 943 970 9,
957 914 1004 950 ao.
1018 896 1096 972 Ergo
1107 899 1194 971 quusi

116 983 315 1056 deprehensus
327 996 372 1039 est
381 1002 397 1053 ,’
407 986 459 1058 qui
473 983 561 1042 habet
575 988 705 1042 eamdem
716 987 949 1056 excusationem,
963 988 1096 1057 veniam,
1107 1008 1190 1046 conr-

116 1074 311 1144 moditatem‚
327 1096 417 1153 quam
429 1078 637 1155 deprehensus.
656 1078 714 1148 Qui
734 1097 768 1133 ex
788 1089 920 1154 tempore
943 1078 1040 1136 dicere
1063 1080 1189 1156 cogitur,

117 1165 169 1222 hoc
184 1178 230 1222 est
244 1167 327 1225 enim
348 1170 539 1244 deprehendi,
555 1172 670 1244 culpam
686 1170 806 1245 conjicit
820 1171 852 1227 in
873 1191 940 1242 eos,
961 1173 1012 1247 qni
1031 1186 1192 1249 coegerunt

117 1257 212 1332 ipsum
222 1258 339 1316 dicere:
351 1263 403 1335 qui
412 1282 477 1318 cum
488 1265 600 1339 Regulo
610 1264 725 1334 dicunt,
737 1264 883 1339 quidquid
891 1277 1040 1338 peccatur,
1051 1264 1082 1322 in
1093 1264 1190 1341 ipsum

116 1364 243 1427 possunt
259 1352 423 1426 conjicere3
436 1355 545 1432 longas·
554 1375 668 1424 moras,
683 1367 853 1433 corrogatos
870 1357 1019 1414 auditores
1034 1369 1089 1414 etc.

152 1463 208 1529 vl,
218 1480 270 1531 ao,
280 1461 328 1519 15.
339 1464 463 1540 Elegans
475 1477 528 1537 est,
541 1466 622 1540 quod
636 1465 689 1523 tihi
702 1466 732 1522 in
743 1478 869 1523 mentem
882 1467 972 1535 veuit,
988 1468 1064 1523 forte
1077 1467 1191 1525 dedisse

118 1553 260 1625 Plinium,
285 1559 424 1628 aderant,
446 1560 499 1633 qui
515 1561 661 1615 Misenum
677 1561 771 1627 fuisse
793 1572 848 1616 etc.
873 1579 907 1616 ex
931 1560 982 1617 illo
1004 1573 1111 1635 poetae,
1128 1562 1195 1616 Fuit

120 1647 212 1702 Ilium.
232 1650 381 1707 Caeterum
395 1649 484 1707 verbu
497 1653 622 1707 aderant
636 1656 687 1727 qui
697 1654 835 1728 antiquo,
848 1672 935 1730 quem
949 1653 1124 1728 typographi
1139 1672 1192 1710 vn-

121 1752 201 1804 cant,
214 1739 396 1814 charactere,
411 1764 472 1800 non
484 1745 613 1816 cursivo,
628 1744 816 1802 debebantin
827 1757 965 1803 contexto
979 1745 1115 1802 Pliniauae
1127 1746 1192 1819 epi-

121 1833 197 1888 stolae
213 1835 351 1911 exprimi.

156 1927 210 1993 Vl,
226 1928 275 1995 32,
289 1947 316 1984 2.
328 1931 373 1985 De
384 1927 415 1984 h.
431 1931 449 1984 l.
466 1949 521 1986 nus
538 1949 633 2008 nuper
645 1929 796 2007 disputare
809 1929 911 1988 vidisti
923 1931 961 1988 ad
972 1930 1192 2004 Quintilianum

122 2018 197 2088 praef.
213 2019 230 2094 §
244 2039 276 2094 9,
293 2031 323 2076 et
339 2041 383 2077 ιι.

158 2109 224 2177 Vll,
236 2126 282 2174 ta,
294 2127 321 2164 2·
329 2113 454 2165 Rectum
463 2111 580 2166 videtur
593 2111 776 2184 [ἰὴίὓμεῖςγὰρ
785 2115 920 2174 nisiinter·
931 2113 1079 2170 Nimirum
1091 2125 1123 2168 ut
1133 2113 1192 2168 dis·

119 2201 264 2281 perdendi
271 2204 364 2258 verbo
372 2202 475 2275 jocose
484 2223 556 2260 usus
568 2217 625 2273 est,
635 2205 676 2261 sic
688 2206 773 2262 etiam
787 2217 915 2276 κακόζηλον
928 2218 1026 2274 vocnt,
1037 2216 1063 2260 te
1072 2205 1190 2278 judice,

125 2291 302 2364 Minucium,
317 2296 348 2349 h.
366 2315 397 2351 e:
406 2297 490 2352 nimis
507 2295 671 2353 studiosum
687 2297 842 2365 siccitatis,
859 2311 886 2353 et
900 2295 1077 2354 salubritatis
1088 2296 1189 2353 atticae.

126 2385 157 2440 Et
170 2403 238 2442 sane
254 2397 398 2457 κακοζηλίαν
420 2389 509 2445 etiam
525 2389 556 2444 iu
571 2389 707 2446 atticismi
721 2389 772 2446 illa
788 2391 877 2446 nimia
896 2389 1083 2446 affectatione
1098 2389 1191 2446 inesse

126 2495 220 2549 posse,
236 2493 350 2536 certum
363 2493 413 2537 est.
426 2481 558 2553 Pendeo,
569 2494 598 2538 et
611 2483 649 2539 ad
663 2495 691 2539 te
703 2482 875 2551 transirem,
888 2482 944 2538 nisi
957 2482 1078 2551 scirem,
1091 2501 1137 2538 me
1150 2480 1192 2537 tui

127 2587 220 2628 amore
234 2573 322 2629 etiam
334 2575 483 2648 corrumpi
498 2594 593 2650 posse.

161 2683 227 2752 Vll,
240 2684 339 2754 17,13.
354 2687 531 2741 Emendator
541 2685 698 2740 acerrimus
710 2703 801 2759 quum
810 2683 1026 2738 ciceronianum
1037 2699 1100 2738 esse
1108 2691 1191 2757 putas

128 2783 152 2826 et
163 2791 315 2847 comparas
327 2764 395 2830 curii
404 2779 545 2831 acerrimo
559 2778 669 2832 aurium
678 2776 808 2845 judicia,
820 2793 951 2845 mecum,
961 2788 995 2830 ut
1008 2776 1039 2829 in
1049 2773 1193 2830 sexcentis

127 2865 201 2933 aliis,
219 2867 322 2922 sentis.

160 2959 216 3013 Vll
221 2978 287 3028 ,.27
301 2957 346 3014 Ad
359 2957 594 3034 hancepistolam
607 2977 783 3034 responsum
795 2975 855 3013 esse
865 2966 1049 3031 apersonato
1058 2959 1191 3011 Gustavo

127 3049 275 3106 lansnno
266 3068 298 3105 ru
311 3070 388 3108 nova
401 3051 474 3108 bibl
491 3053 554 3109 Hal.
573 3053 665 3120 itha,
682 3050 839 3108 benefacis
852 3070 943 3125 qrrum
960 3070 1006 3106 me
1018 3048 1171 3106 admones

161 3163 251 3230 Vlll,
270 3170 322 3232 14,
340 3162 367 3218 6.
383 3163 455 3228 Vis,
470 3162 515 3218 vir
530 3163 708 3231 clarissime,
728 3180 788 3218 non
810 3172 867 3217 tam
884 3160 965 3217 illam
985 3145 1192 3216 distinctionem

126 3254 327 3308 sententiarum
342 3255 379 3309 ab
394 3273 455 3310 uno
471 3254 616 3311 dictarum
627 3254 767 3330 intelligi3
784 3274 847 3330 quae
858 3274 874 3310 a
886 3274 933 3311 me
947 3257 1192 3332 postCatanaentn

127 3345 266 3419 explicata
283 3358 341 3418 est,
361 3360 389 3403 et
403 3349 451 3404 cui
473 3347 664 3422 favet§15:
689 3367 778 3422 quam
799 3347 897 3414 illam,
921 3368 985 3421 quae
1008 3345 1130 3422 propius
1152 3344 1203 3399 ad'

125 3437 316 3514 quaestionem
337 3452 367 3495 et
380 3441 505 3517 speciem
526 3440 557 3497 in
572 3430 630 3497 hac*
645 3442 770 3516 epistola
792 3439 974 3516 propositam
991 3437 1132 3511 pertinet,
1155 3435 1192 3489 de

124 3551 181 3606 qua
196 3533 361 3610 praesertim
379 3534 395 3607 §
411 3552 457 3604 21,
479 3532 530 3614 ubi
543 3535 641 3608 plures
649 3546 820 3608 pugnantes
833 3533 981 3588 sententiaa
997 3530 1033 3585 ad
1049 3542 1192 3600 superan-

124 3623 191 3680 dam
206 3643 298 3680 unam
308 3625 485 3702 junguntur.
502 3631 539 3684 Et
555 3626 638 3682 facile
654 3627 708 3684 tibi
722 3626 882 3690 assentior,
894 3623 985 3697 magis
1004 3622 1040 3678 ad
1055 3618 1131 3676 hanc
1148 3639 1192 3676 re-

125 3716 212 3790 spici,
221 3718 306 3792 qnod
311 3731 484 3792 pugnantes
495 3731 648 3789 vocantur,
659 3719 679 3773 i.
691 3739 716 3775 e·
730 3739 793 3792 quae
807 3736 864 3773 una
877 3715 1034 3772 consistere
1048 3732 1108 3769 nou
1123 3731 1192 3788 pos-

124 3822 208 3882 sunt,
222 3811 305 3885 qnod
318 3811 356 3868 de
369 3813 464 3886 priori
476 3831 582 3887 genere
594 3814 636 3869 ita
648 3811 819 3886 simpliciter
829 3809 887 3865 diei
899 3829 958 3864 uon
972 3818 1082 3884 potest,
1094 3817 1190 3882 potest

124 3912 218 3958 tamen
234 3922 302 3959 cum
315 3904 458 3961 relatione
476 3905 515 3959 ad
529 3905 619 3974 alins,
634 3924 686 3978 qur
678 3904 772 3958 'duas
785 3902 915 3988 ejusdem
929 3900 1058 3957 huminis
1072 3911 1189 3955 senten·
1245 3912 1247 3917 '

125 3993 195 4063 tias,
208 4014 272 4053 nno
284 3997 368 4074 qnasi
384 3996 489 4071 spiritu
505 3999 650 4070 prolatas,
668 3995 754 4052 simul
770 3995 895 4071 probare
911 3996 1026 4050 nolunt.

161 4103 243 4171 vtlt,
258 4101 308 4172 23,
318 4100 346 4159 5.
360 4103 418 4159 Pro
433 4104 503 4158 intel
503 4105 576 4160 exet
585 4103 670 4159 malle
684 4113 711 4158 te
726 4100 828 4160 scnbnt
840 4103 884 4158 dr
883 4104 954 4157 cart
969 4100 1032 4174 Ego
1044 4097 1185 4173 putabam
