2648 4830
122 401 235 448 xxvnr
516 374 788 444 PRAEFATIO

121 526 198 571 meo
216 490 314 569 sensu
334 498 489 566 arbitrari
508 496 591 565 mihi
616 497 750 583 videor,
772 498 830 592 qui
848 497 914 567 hoc
938 496 1012 592 ipso
1033 513 1188 593 tempore

121 636 190 680 non
209 611 280 679 sine
295 609 457 677 suavitate
471 606 616 700 quadam
631 606 713 675 illud
731 622 864 701 tempus
882 607 1084 702 cogitatione
1098 634 1187 701 praa-

121 721 262 815 cipiam,
276 742 380 813 quum
399 717 560 787 videbunt
575 717 744 802 homines,
760 719 817 812 qui
836 732 911 813 post
929 717 1058 812 aliquot
1072 733 1186 787 aetates

120 831 213 900 hunc
229 831 339 923 ipsum
354 826 502 896 libellum
519 829 554 895 in
568 852 688 896 manus
702 842 852 912 sument,
865 827 995 897 licuisse
1012 827 1092 895 mihi
1112 842 1186 896 tan-

120 955 192 1009 tum
215 964 284 1007 non
312 937 519 1007 familiariter
544 962 621 1006 cum
645 939 793 1006 Henrico
812 940 862 1006 XI
884 939 1044 1007 Rutheno
1068 961 1187 1032 agere,

120 1074 220 1143 quem
240 1072 299 1117 sua
317 1047 492 1133 nobilitas,
507 1048 629 1134 virtus,
643 1045 800 1135 felicitas,
817 1071 869 1115 res
888 1061 987 1140 gestae
1003 1046 1045 1114 ad
1066 1047 1190 1141 ingens-

120 1158 203 1227 adeo
218 1158 392 1252 fastigium
414 1157 603 1227 extulerint.
624 1160 677 1226 De
694 1157 803 1227 Plinio
819 1157 955 1250 quidem
975 1183 1046 1227 rem
1067 1183 1102 1227 se
1120 1159 1185 1243 ita,

119 1270 171 1337 uti
191 1267 279 1353 dixi,
297 1268 437 1355 habere,
455 1268 525 1361 ipse
539 1266 726 1360 judicabis,
739 1268 826 1353 scio,
843 1267 870 1334 si
891 1289 1085 1360 percurrere
1103 1265 1190 1335 velis

118 1379 223 1447 vitam
244 1376 353 1463 illius,
370 1375 503 1471 qualem
522 1400 563 1444 ex
580 1375 632 1444 his
653 1374 817 1469 epistolis,
836 1374 971 1444 aliunde
988 1377 1077 1443 enim
1096 1400 1184 1469 pau-

119 1487 250 1556 cissima
267 1500 438 1574 constant,
453 1484 587 1578 collegit
605 1484 784 1571 Cellarius,
803 1486 856 1554 cui
877 1509 896 1552 a
914 1486 1012 1554 nobis
1031 1499 1183 1554 tanturn-

119 1595 196 1665 dem
218 1594 288 1665 fere
312 1596 480 1690 adjectum
500 1608 560 1662 est.
584 1594 649 1663 Sed
672 1592 753 1661 illud
774 1618 907 1688 quoque
932 1595 1012 1688 ipsis
1034 1592 1187 1687 epistolis

119 1707 358 1802 cognoscendis
375 1705 556 1800 intelliges,
568 1706 594 1772 si
609 1703 780 1772 attendere
791 1702 949 1791 volueris,
959 1705 1007 1799 (et
1021 1703 1181 1789 attendis,
1194 1705 1197 1712 '

119 1840 192 1909 quae
205 1840 325 1911 magna
336 1814 566 1885 adolescentiae
576 1812 724 1883 tuaelaus
736 1828 800 1899 est,
811 1813 974 1907 quidquid
985 1811 1076 1907 agas)
1087 1811 1185 1898 illud,

118 1926 345 2019 inquam,pro
358 1925 472 2019 magni
482 1923 572 1992 illius
584 1938 617 1991 et
628 1925 758 2017 capacis
772 1923 897 2017 ingenii
913 1924 962 1991 tui
978 1924 1010 1990 vi
1024 1945 1183 2017 agnosces

118 2035 290 2127 quaesitam
300 2058 369 2102 esse
383 2032 494 2101 studio
505 2033 699 2101 varietatem
713 2047 747 2101 et
762 2033 1005 2118 amoenitatem,
1017 2030 1180 2100 lectorum

46 2168 49 2177 ·
116 2141 300 2231 lenocinia3
311 2167 379 2210 non
389 2142 584 2234 conjunctas
595 2143 692 2211 unius
702 2141 938 2235 temporis,vel
950 2142 992 2209 ad
1006 2167 1112 2209 unum
1125 2142 1183 2209 ho

118 2252 315 2337 minem,vel
329 2253 428 2339 unius
441 2253 629 2346 argumenti
639 2251 807 2346 epistolas,
820 2251 976 2322 distracta
990 2254 1101 2346 potius
1114 2267 1180 2321 stu-

116 2359 191 2448 dio,
202 2386 275 2456 quae
289 2360 331 2429 ad
346 2386 451 2430 unum
468 2359 577 2429 locum
593 2363 779 2455 pertinent,
792 2386 1054 2456 suspensumque
1068 2387 1181 2457 exspe-

117 2473 263 2539 ctatione
279 2471 457 2558 lectorem,
475 2485 513 2539 ut
529 2469 641 2564 plures
657 2470 829 2565 pervolvat
846 2469 1018 2564 epistolas,
1037 2470 1117 2539 dum
1138 2470 1183 2539 ad

117 2605 191 2648 eam
207 2580 335 2667 veniat,
349 2606 423 2673 quae
437 2595 579 2673 coeptam
594 2604 716 2649 caussae
730 2579 869 2673 alicujus
878 2595 936 2649 aut
949 2582 1075 2674 negotii
1085 2605 1180 2648 enar·

116 2690 281 2758 rationem
297 2690 455 2759 absolvat.
470 2688 557 2756 Illud
575 2714 708 2784 quoque
726 2715 794 2759 non
811 2690 882 2758 sine
898 2689 1035 2759 consilio
1055 2690 1180 2758 factum

117 2815 181 2887 est,
196 2798 288 2894 quod
306 2815 357 2868 tot
377 2799 484 2895 elogia
502 2800 676 2867 hominum
696 2801 747 2867 sui
765 2801 841 2883 aevi,
859 2814 893 2868 et
911 2799 1180 2892 pradicationem

117 2912 251 2980 virtutis
261 2910 394 2979 illorum
405 2912 566 2980 intexuit:
584 2934 624 2978 eo
634 2909 816 3003 plurimum
826 2933 945 3002 nempe
957 2924 990 2977 et
1004 2909 1181 2977 hominum

119 3036 153 3090 et
170 3020 371 3090 familiarum
391 3024 565 3106 intererat,
583 3019 705 3087 habere
727 3042 811 3112 opus
829 3019 911 3104 hoc,
932 3033 966 3087 et
984 3021 1050 3088 suis
1071 3034 1180 3112 poste-

119 3133 188 3218 ris,
210 3147 248 3199 ut
273 3132 452 3225 imaginem
473 3130 647 3224 aliquam,
672 3144 711 3198 ut
731 3127 867 3197 titulum
889 3128 1074 3198 nobilitatis
1096 3155 1181 3216 sua,

119 3240 363 3310 commendare.
392 3242 497 3324 Huic,
520 3255 625 3335 puto,
651 3241 740 3308 inter
764 3239 828 3308 alia
853 3239 990 3308 consilio
1017 3239 1181 3325 debetur,

118 3351 210 3445 quod
229 3352 263 3419 in
282 3366 376 3419 tanta
391 3350 553 3420 librorum
571 3352 642 3444 ejus
657 3352 716 3418 aevi
734 3364 859 3444 strage,
875 3375 949 3443 quae
965 3364 1070 3418 totam
1087 3373 1182 3443 paene

118 3462 271 3555 Trajani,
286 3460 405 3554 optimi
423 3460 605 3555 principis,
617 3461 790 3528 historiam
810 3459 971 3547 abolevit,
990 3460 1095 3529 evasit
1116 3460 1182 3528 hoc

117 3569 291 3655 volumen,
305 3584 338 3638 et
355 3595 460 3665 quum
478 3571 624 3639 auctoris
641 3571 709 3656 sui,
725 3585 798 3639 tum
816 3569 957 3639 aliarum
979 3595 1109 3653 rerum,
1125 3569 1183 3637 ho-

118 3680 314 3773 minumque
339 3683 504 3750 memoria
521 3696 636 3750 nostra
661 3682 953 3776 dignissimorum,
972 3683 1182 3750 conservavit

117 3790 323 3858 memoriam.
339 3792 504 3861 Successit
519 3793 609 3858 enim
624 3791 745 3859 deinde
757 3791 885 3859 Sidonii
896 3788 1097 3884 Apollinaris
1115 3805 1182 3858 stu-

118 3900 300 3987 dium,viri
316 3903 446 3992 magni,
459 3903 517 3994 qui
529 3927 633 3995 quum
648 3903 809 3970 Nostrum
828 3901 925 3967 unice
940 3913 1081 3985 amaret,
1094 3923 1184 3966 com-

117 4009 307 4095 mendaret,
327 4010 362 4076 in
386 4011 578 4104 exemplum.
599 4022 819 4106 proponeret,
840 4008 931 4101 quod
958 4033 998 4076 ex
1026 4008 1184 4100 subjectis

118 4119 315 4189 testimoniis
339 4121 465 4212 poteris
488 4120 688 4216 intelligere,
706 4118 924 4214 multiplicata
948 4119 1048 4213 hujus
1068 4119 1181 4211 operis
