2654 4830
189 367 250 412 xiv
461 328 463 333 ⁸
574 342 855 409 PRAEFATIO

188 488 428 576 celeberrimi,
452 487 629 558 industria
644 486 794 558 fuerunt
813 490 1046 562 restituenda.
1066 498 1113 564 At
1127 520 1174 566 ne
1193 496 1259 567 ho·

187 638 269 683 rum
289 611 438 708 quidem
465 613 613 709 ingenio
639 626 674 683 et
700 636 803 697 cura‘,
824 613 929 708 cujus
950 640 1008 686 me
1026 617 1175 713 quidem
1193 620 1257 690 ad-

185 737 397 806 miratorem
423 736 619 806 maximum
645 734 837 833 profiteor,
859 737 909 807 ita
934 741 1056 809 omnia
1078 743 1258 839 perpolita

186 875 289 948 sunt,
316 874 357 930 ut
384 873 578 931 extremam
611 857 758 930 tandem
790 884 940 931 manum
967 864 1154 962 recepisse.
1168 890 1256 963 pos·

185 985 257 1054 sint
286 981 480 1054 adfirmari.
510 981 606 1052 Illud
629 977 767 1078 potius,
795 985 898 1080 quod
931 986 1041 1075 nolis,
1067 985 1256 1059 fatendum

185 1121 257 1195 est,
277 1106 383 1177 abiis
411 1107 516 1203 ipsis,
545 1107 609 1202 qui
632 1106 791 1176 maculas
814 1106 934 1179 delere
954 1109 1166 1196 voluerunt,
1185 1136 1255 1182 no-

183 1255 244 1302 vas
274 1229 491 1327 aliquando,
521 1244 563 1301 ut
592 1228 671 1300 fieri
703 1229 813 1319 solet,
838 1232 1022 1329 adspersas
1059 1257 1156 1322 esse,
1189 1235 1255 1305 ali-

184 1379 275 1450 quas
301 1356 351 1424 ita
371 1356 516 1452 penitus
539 1354 735 1440 insedisse,
757 1367 798 1424 ut
820 1354 941 1426 eluere
967 1354 1113 1427 difficile
1133 1359 1196 1442 sit,
1219 1371 1255 1428 et

183 1501 298 1575 prope
310 1479 384 1574 jam
407 1479 637 1549 temerarium
656 1477 831 1548 videatur.
853 1482 937 1550 Non
955 1477 1078 1550 fallere
1097 1503 1157 1550 me
1178 1483 1255 1578 opi·

183 1603 347 1689 monem,
372 1627 391 1672 e
410 1601 576 1699 pluribus
597 1601 788 1698 exemplis,
814 1627 895 1696 quae
916 1603 954 1671 in
974 1602 1137 1672 medium
1156 1602 1253 1674 adfe-

181 1750 279 1813 ram,
301 1725 440 1822 aliquot
469 1739 567 1796 certe
595 1750 656 1796 eos
685 1726 793 1795 etiam
819 1724 989 1796 adsentiri
1016 1740 1164 1823 cogent,
1188 1729 1253 1823 qui

183 1849 248 1920 alia
259 1850 381 1919 omnia
399 1848 468 1919 sibi
489 1864 755 1946 persuaserunt.
774 1853 818 1918 ln
838 1848 998 1919 hisvero
1018 1849 1253 1922 emendandis

181 1974 295 2044 veteri
321 1974 425 2043 Plinii
451 1973 649 2070 exemplari
671 1989 772 2060 utar,
801 1971 902 2070 quod
928 1972 967 2042 in
993 1970 1251 2045 bibliothecam

181 2095 311 2167 illustr.
331 2097 506 2192 gymnasii
526 2097 746 2167 Isenaceusis
765 2119 857 2166 ame
878 2095 1016 2165 illatum
1040 2110 1111 2184 est,
1128 2101 1252 2167 Romae

182 2244 213 2290 a.
230 2245 369 2308 nooxc,
386 2222 480 2318 typis
495 2221 713 2317 exscriptum
727 2274 737 2306 ‚
749 2219 852 2314 cujus
870 2232 906 2289 et
922 2217 1103 2290 Fabricius
1118 2217 1251 2291 biblio-

182 2343 276 2415 thec.
297 2348 376 2413 Lat.
398 2343 461 2413 lib.
485 2350 534 2426 ΙΙ,
560 2369 636 2442 cap.
663 2369 726 2431 22,
750 2369 784 2412 n.
809 2343 848 2430 3,
869 2343 1057 2428 meminit5
1076 2342 1251 2441 quodque

182 2467 386 2537 aBarthio¹
400 2466 576 2537 adversar.
604 2465 667 2536 lib.
696 2470 798 2550 xlx,
823 2489 902 2562 cap.
927 2463 1151 2553 25,·euscam
1176 2464 1250 2536 edi-

182 2595 314 2658 tionem
343 2591 515 2687 appellari
546 2604 648 2687 puto.
677 2589 778 2660 Idem
810 2593 1021 2659 Brummero
1049 2588 1094 2658 ad
1122 2613 1250 2660 manus

181 2711 290 2783 fuisse
308 2713 414 2783 video
433 2713 478 2783 ad
498 2719 537 2783 L.
559 2715 720 2785 Cinciam
741 2736 818 2810 cap.
836 2717 903 2800 VI,
922 2739 958 2781 n.
980 2713 1016 2799 6,
1035 2711 1101 2782 uhi
1119 2711 1164 2781 ad
1181 2712 1249 2782 Pli-

181 2839 283 2906 nium
309 2835 370 2906 lib.
386 2839 431 2921 V,
459 2838 562 2933 epist.
590 2861 646 2924 21,
674 2835 713 2920 3,
737 2836 898 2932 ignotam
926 2848 1030 2906 antea
1054 2835 1250 2906 lectionem

181 2958 331 3058 profert.
342 2959 384 3029 ld
397 2984 442 3029 ex
448 2961 597 3030 vetustis
613 2957 832 3029 membranis
847 2982 1057 3055 expressum
1071 2982 1147 3030 esse
1161 2956 1249 3028 inde

182 3084 357 3179 conjici0‚
377 3081 478 3179 quod
504 3084 542 3152 in
560 3081 760 3180 plerisque,
785 3107 805 3153 e
826 3080 990 3152 Mediceo
1019 3081 1143 3152 codice
1168 3105 1249 3176 quae

181 3209 319 3306 primus
336 3206 494 3301 vulgavit
509 3207 672 3294 Cortius,
688 3220 724 3276 et
740 3220 899 3304 quorum
918 3207 957 3274 in
970 3205 1047 3275 aliis
1062 3205 1121 3273 vix
1131 3204 1248 3275 ullum

182 3345 235 3402 est
247 3330 454 3428 vestigium,
467 3328 617 3400 mirifice
634 3331 832 3427 conspirat;
849 3330 887 3398 in
903 3327 1091 3399 nonnullis
1105 3352 1182 3398 non
1201 3325 1247 3397 ab

182 3478 226 3524 eo
240 3468 397 3540 tantum,
417 3453 512 3524 seda
528 3453 663 3523 caeteris
676 3453 784 3523 etiam
800 3453 941 3550 scriptis
955 3450 1133 3547 editisque
1147 3448 1247 3521 libris

181 3604 257 3648 non
278 3579 355 3649 sine
374 3579 514 3649 ratione
535 3576 733 3674 discrepat3
756 3579 794 3646 in
813 3575 994 3648 scribendi
1015 3600 1102 3646 vero
1130 3589 1166 3645 et
1188 3574 1245 3643 in-

180 3700 425 3798 terpungendi
445 3725 547 3772 more
568 3702 720 3798 priscam
744 3699 1006 3798 simplicitatem
1029 3697 1156 3783 refert,
1178 3720 1246 3767 nec

181 3825 295 3895 multa
306 3825 518 3895 recentioris
531 3838 594 3895 aut
609 3825 738 3895 criticae
753 3848 882 3895 manus
891 3823 1038 3919 vestigia
1051 3819 1218 3894 ostendit.
1228 3849 1245 3883 >i

234 4095 242 4119 1
258 4082 304 4140 Ad
319 4081 390 4138 Plio.
404 4082 485 4158 epist.
505 4102 535 4151 1,
549 4083 583 4152 6,
602 4103 625 4136 1.
