2648 4830
201 378 246 425 n
290 302 295 317 ’
400 355 428 420 J.
453 353 502 420 u.
530 352 768 422 ausuum
792 353 1058 423 urrsrous

201 473 362 552 significare
368 473 495 530 Plinium
502 475 571 544 hoc,
581 474 720 530 intellexit
727 474 843 544 Avitus,
854 488 881 531 et
890 489 1066 550 assequutus
1074 489 1128 547 est,
1141 493 1272 553 quantus

200 568 248 626 vir
260 579 335 625 esset
348 567 521 634 Servianus,
535 585 625 642 quam
638 565 746 642 dignus
761 566 967 624 observatione
982 582 1073 644 atque
1087 572 1243 647 obsequio.

240 663 295 732 IX,
308 663 353 732 13,
366 667 394 726 4.
409 659 499 730 Quod
512 678 565 735 pro
580 659 748 730 deservisset
757 659 850 730 malis,
863 660 890 716 si
900 660 1072 718 addicerent
1085 661 1171 734 libri,
1192 685 1272 721 rese-

199 754 299 822 disset,
315 753 347 808 in
360 771 395 808 eo
412 750 467 806 tibi
481 751 638 808 assentior.

238 849 294 913 IX,
307 846 355 914 23,
367 843 502 902 5.Verbo
510 845 654 900 noscitare
662 855 731 921 post
741 844 877 924 Curtium
888 844 1059 902 tribuisvim
1069 845 1272 904 demonstran.

197 937 286 1008 di,ut
298 951 328 994 et
340 946 377 1009 τῷ
390 956 507 994 noscere
516 942 622 1014 Paneg.
631 939 734 1007 XXII,
748 938 779 993 3:
792 957 862 1006 non,
876 937 958 1012 quod
968 939 1087 1014 proprie
1097 941 1171 995 hanc
1185 953 1271 1013 pote-

197 1044 303 1088 statem
320 1031 441 1102 habeat3
465 1033 515 1088 sed
533 1033 616 1107 quod
635 1030 778 1101 infantes,
799 1031 902 1105 pueri,
921 1031 1017 1104 plebs,
1030 1051 1124 1108 quum
1134 1045 1266 1102 noscunt,

197 1125 293 1181 solent
304 1124 398 1199 digito
409 1125 440 1179 id
450 1125 532 1200 quod
543 1136 674 1194 noscunt,
685 1121 774 1180 simul
787 1123 997 1181 demonstrare.
1008 1123 1071 1194 Sic,
1084 1123 1142 1194 ais,
1152 1126 1270 1196 mulier,

198 1236 293 1291 quum
303 1228 472 1290 agnosceret
485 1215 729 1286 Demosthenem,
740 1215 826 1272 alteri
837 1216 1059 1272 demonstrabat
1071 1227 1124 1272 etc.
1136 1218 1213 1272 Mihi
1224 1217 1271 1272 vi-

197 1309 298 1377 detur,
314 1308 457 1367 Plautinis
471 1310 543 1366 locis
559 1321 588 1366 et
600 1308 665 1365 aliis
680 1309 721 1364 ita
736 1309 898 1366 stabilitam
914 1309 994 1379 vim,
1009 1328 1096 1386 quam
1110 1310 1159 1366 hic
1177 1310 1271 1367 tribui

197 1401 305 1474 verbu,
320 1415 354 1458 ut
368 1401 504 1458 dubitare
517 1401 653 1476 equidem
670 1421 731 1459 non
746 1402 856 1475 possim
871 1421 877 1456 :
894 1400 1112 1458 demonstrandi
1126 1400 1271 1478 significa-

197 1494 308 1551 tionem
323 1493 420 1551 adhuc
435 1495 570 1552 desidero
583 1493 702 1550 aliunde
714 1494 821 1550 adseri.
841 1497 926 1549 Certe
942 1494 974 1548 in
989 1493 1168 1570 Panegyrico
1179 1513 1270 1569 quam

195 1587 273 1644 illud
288 1589 424 1645 convenit
433 1631 441 1658 ,
448 1591 603 1663 parvulos,
618 1587 670 1662 qui
683 1585 817 1642 nondum
830 1584 989 1653 vidissent,
1003 1586 1103 1642 videre
1118 1598 1196 1642 certe
1204 1605 1270 1642 me·

196 1681 369 1750 minissent,
393 1681 615 1757 peregrinatum
633 1678 731 1734 adhue
745 1677 918 1751 Trajanum,
933 1696 1050 1733 noscere
1063 1679 1093 1732 h.
1110 1697 1135 1733 e.
1154 1697 1270 1754 cogno-

198 1792 278 1830 scere
291 1773 379 1844 velle,
393 1774 588 1848 interrogare,
603 1772 667 1846 quis
681 1783 723 1826 est
731 1773 747 1824 l
760 1771 842 1825 hicne
856 1770 919 1824 est?
933 1772 1054 1825 Iuvenes
1068 1781 1166 1826 autem
1180 1769 1269 1825 illum

198 1867 366 1921 ostentare?
382 1866 412 1922 Si
429 1883 545 1920 noscere
558 1874 601 1920 est
614 1876 769 1934 ostentare,
784 1864 869 1937 pueri
888 1875 917 1918 et
928 1862 1049 1935 juvenes
1065 1862 1113 1918 hic
1128 1863 1207 1919 idem
1221 1863 1268 1919 fa-

197 1958 290 2014 ciunt.
305 1957 398 2031 Epist.
414 1959 475 2024 VI,
491 1976 545 2026 no,
560 1956 726 2024 amoribus
737 1976 803 2010 suos
819 1955 975 2024 noscitans,
990 1974 1049 2011 non
1064 1956 1197 2034 profecto
1210 1953 1268 2012 de-

197 2059 381 2119 monstrant;
397 2068 443 2105 res
456 2049 535 2104 enim
548 2048 646 2123 agitur
656 2047 688 2104 in
703 2047 849 2117 tenebris,
865 2048 915 2103 sed
929 2059 981 2105 aut
994 2059 1174 2123 agnoscunt,
1197 2060 1265 2119 aut,

198 2139 280 2214 quod
292 2140 405 2208 malim,
417 2139 612 2210 attendend0,
626 2139 821 2216 requirendo,
834 2159 990 2217 agnoscere
1002 2141 1135 2217 cupiunt.
1150 2141 1269 2215 Inspice

196 2232 297 2290 locum
304 2246 478 2308 utrumque,
494 2232 705 2290 candidissima
712 2234 1050 2304 animamea,etvidean
1058 2233 1267 2307 dubitarepos-

198 2327 248 2382 sis.
261 2330 358 2383 Potest
373 2337 535 2380 monstrare
551 2326 660 2401 digito,
673 2327 725 2402 qui
737 2327 861 2382 noscitat
873 2327 1000 2400 aliquem
1008 2346 1016 2394 ;
1031 2325 1081 2382 sed
1092 2325 1160 2382 ideo
1175 2328 1268 2381 nosci-

161 2480 164 2486 ,
198 2430 261 2474 tare
273 2437 334 2475 non
349 2417 493 2494 significat
506 2418 624 2492 proprie
637 2420 845 2474 demonstrare.
861 2419 973 2493 Nempe
984 2436 1079 2492 neque
1096 2430 1129 2472 tu
1140 2419 1198 2474 hoc
1208 2418 1265 2475 vis.

238 2511 285 2577 X,
302 2529 330 2577 n,
349 2509 375 2564 3.
388 2512 455 2566 Non
472 2508 584 2565 attendi
602 2509 638 2565 ad
653 2520 819 2587 temporum
834 2511 1086 2574 consecutionem,
1102 2528 1195 2584 quum
1209 2529 1266 2585 pro

198 2603 294 2656 malui
303 2601 468 2678 suspicatus
483 2621 564 2669 sum,
578 2602 733 2678 legendum
744 2605 858 2658 malunt
867 2603 914 2659 vel
925 2604 1035 2659 malim.
1049 2603 1187 2659 Libenter
1198 2605 1265 2671 tibi,

196 2705 232 2749 ut
244 2693 386 2769 plurima,
399 2692 455 2750 hoc
468 2694 563 2750 debeo
570 2735 578 2764 ,
590 2695 630 2749 mi
640 2695 773 2764 Ernesti,
785 2695 867 2770 quod
878 2696 1095 2751 festinationem
1109 2698 1267 2753 emendare

196 2783 265 2840 licet
282 2785 392 2858 inipso
407 2784 503 2841 adhuc
522 2785 630 2841 libello.
645 2787 676 2842 Si
697 2787 871 2860 conjecturae
890 2788 973 2844 locus
994 2787 1048 2854 sit,
1073 2790 1204 2845 maluere
1217 2790 1266 2846 vel

198 2879 366 2930 rnnluerunt
378 2876 584 2934 sustinendum
599 2876 699 2934 fuerit.

236 2969 282 3037 X,
298 2966 344 3036 18,
361 2986 388 3022 n.
408 2970 612 3037 Testimonium
626 2972 816 3028 retribuerunt.
834 2970 942 3027 Melius
956 2972 1017 3045 jam
1030 2971 1166 3042 videtur,
1180 2972 1265 3050 quod

196 3079 232 3116 ex
250 3060 380 3135 antiquis
401 3061 581 3119 editionibus
596 3062 644 3119 hic
657 3065 781 3137 protulit
802 3064 920 3122 Curtius
931 3067 1147 3138 pestribuerunt,
1170 3086 1265 3140 quum

194 3154 282 3210 etiam
291 3156 432 3232 Panegyr.
443 3157 534 3225 XCV,
545 3176 573 3224 t,
580 3158 774 3229 pertribuistis
788 3157 957 3215 eVossiano
967 3158 1080 3215 dederit
1091 3161 1133 3214 Cl.
1142 3163 1266 3216 Arntze-

191 3247 278 3316 nius,
291 3266 345 3320 pro
357 3247 482 3303 aliorum
488 3248 686 3322 perhibuistis.
700 3252 833 3323 Utroque
845 3249 877 3303 in
889 3246 957 3305 loco
971 3269 1005 3306 ea
1016 3250 1060 3305 vis
1073 3268 1134 3307 esse
1148 3262 1262 3323 potest,

192 3341 231 3396 ad
247 3361 339 3397 unum
352 3359 471 3410 omnes,
485 3361 501 3395 a
514 3341 610 3417 primo
623 3342 661 3398 ad
674 3342 830 3409 ultimum,
845 3340 1045 3397 testimonium
1061 3342 1208 3401 tribuisse.

232 3433 275 3501 X,
295 3432 343 3503 48,
361 3432 387 3489 5.
402 3435 447 3488 Ita
464 3434 680 3490 emendandum
695 3422 810 3503 censes,
825 3453 915 3508 quam
931 3436 1056 3490 buleutoe
1070 3436 1202 3509 quisunt
1216 3437 1264 3491 be·

188 3525 293 3597 nefioio
305 3537 373 3581 tuo:
389 3526 537 3601 eleganter
551 3525 702 3600 profect03
718 3537 746 3580 et
761 3523 845 3602 quod
861 3545 931 3582 meae
947 3525 1137 3599 conjecturae,
1156 3528 1181 3584 si
1198 3548 1263 3585 non

188 3618 382 3689 praetulerim,
402 3629 479 3674 certe
494 3637 547 3674 nec
561 3617 657 3673 ausim
673 3606 874 3693 posthaberes

228 3711 276 3776 X,
294 3708 341 3778 50,
356 3719 382 3778 4.
397 3714 441 3769 De
456 3711 618 3786 Bithynicis
632 3708 761 3785 aliquem
773 3730 869 3785 regem
883 3707 1047 3788 intelligere
1062 3713 1137 3767 male
1159 3724 1186 3767 te
1207 3712 1262 3770 ais.

189 3801 348 3871 Quaerendi
370 3803 462 3860 otium
481 3804 543 3877 jam
563 3803 656 3876 deest,
675 3815 704 3860 et
725 3804 802 3861 forte
821 3816 865 3862 est
884 3803 940 3862 hoc
954 3825 970 3861 e
985 3824 1109 3862 numero
1127 3820 1175 3866 τῶν
1190 3816 1262 3880 ἅπαξ

187 3901 331 3970 λεγομένων.

227 3985 291 4038 Jam
305 3985 343 4040 ad
357 3987 570 4062 Panegyricum
587 3989 753 4060 veniamus,
767 3989 799 4043 in
815 4007 876 4063 quo
894 3988 968 4044 nihil
984 4001 1042 4046 tuae
1055 3989 1260 4049 adnotationis

186 4075 272 4134 nobis
285 4077 470 4156 impertiisti;
484 4079 624 4143 sedtanto
636 4083 724 4158 plura
736 4079 818 4139 dedit
830 4083 873 4140 ct.
887 4083 1079 4155 Arntzenius,
1093 4082 1159 4159 qui,
1173 4083 1258 4158 quod
