2648 4830
67 348 833 383 mmwvmfflfflmmmmmmm
838 344 1111 367 mmmmm*

84 611 554 741 ranulam
604 514 1103 733 senarum.

524 893 658 915 -ο-

64 1039 270 1158 Enirrorus
277 1075 423 1148 alterius
429 1076 536 1147 Plinii
542 1074 753 1148 Gesneriani
760 1070 933 1170 exemplis
940 1070 1127 1160 distractis,

61 1227 169 1300 quum
189 1226 286 1272 nova
306 1201 471 1271 certatim
489 1211 761 1297 expeterentur,
776 1193 970 1266 Fritschius
984 1206 1125 1280 noster,

59 1325 136 1396 libri
152 1324 385 1420 redemptor,
400 1328 454 1393 Jo.
471 1321 600 1393 Christ.
617 1319 782 1418 Theoph.
798 1318 1023 1405 Ernestium,
1039 1321 1125 1386 Pr0·

59 1448 231 1521 sessorem
251 1445 451 1517 Academiae
469 1445 679 1543 Lipsiensis,
701 1455 906 1540 rogaverat,
924 1456 971 1541 ut·
984 1442 1125 1510 tertiam

59 1586 199 1644 curaret
208 1569 426 1659 editionem,
436 1567 692 1669 prioribusque
703 1566 956 1638 correctiorem
967 1588 1035 1635 nec
1048 1565 1126 1636 sine

59 1695 267 1766 accessione
280 1707 451 1764 notarum
465 1695 657 1764 emitteret.
674 1696 886 1788 Susceperat
899 1689 1126 1787 provinciam

58 1818 109 1887 vir
125 1815 356 1887 doctissimus
366 1869 376 1902 ,
386 1815 533 1912 jamque
548 1813 739 1913 profligato
754 1811 966 1884 recensendi
977 1836 1018 1882 ac
1029 1835 1125 1880 com·

59 1937 246 2010 mentandi
262 1936 388 2008 labore
401 1939 440 2007 in
457 1963 500 2009 eo
515 1952 609 2027 erat,
623 1953 665 2007 ut
683 1936 884 2035 exemplar,
904 1933 1005 2031 quod
1021 1949 1125 2032 typo·

58 2062 218 2161 graphas
243 2074 476 2156 sequeretur,
501 2042 719 2149 instrueret,
747 2083 861 2155 quum
885 2082 967 2129 ecce
994 2055 1127 2127 morbo

64 2187 193 2274 atroci,
208 2209 297 2255 mox
324 2199 539 2283 praematura
560 2199 676 2255 morte
694 2183 802 2256 telam
822 2207 924 2280 paene
946 2181 1128 2252 detextam

61 2309 278 2407 abrumpere
303 2312 452 2408 cogitur.
480 2311 554 2400 Qui
578 2335 699 2398 casus,
721 2307 871 2380 acerbus
894 2331 980 2379 sane
1005 2305 1127 2376 litera·

62 2461 215 2533 rumque
235 2451 441 2513 nostrarum
457 2461 579 2508 caussa
597 2436 792 2534 lugendus,
808 2461 854 2506 ne
872 2433 990 2504 Plinio
1007 2431 1128 2505 office-

62 2573 130 2648 ret,
152 2583 230 2630 neu
244 2584 375 2629 novam
391 2574 596 2630 moraretur
614 2559 833 2646 editionem,
849 2559 1022 2654 quaeritur
1039 2582 1059 2627 a
1076 2555 1128 2627 bi·

62 2678 243 2778 bliopola,
267 2683 330 2777 qui
355 2684 394 2751 in
415 2681 576 2754 defuncti
603 2683 724 2753 locum
750 2683 916 2780 protinus
942 2681 1129 2770 succedat,

64 2827 229 2901 opusque
252 2806 457 2876 institutum
479 2807 551 2877 cito
572 2805 743 2877 absolvat.
764 2813 819 2877 Ita
837 2804 972 2878 factum
995 2820 1066 2893 est,
1087 2818 1129 2874 ut

64 2925 148 2996 mihi
160 2929 410 3024 necopinanti,
424 2930 484 2999 vix
494 2929 676 3000 exantlato
688 2930 991 3003 aerumnosissimo
1004 2928 1129 2999 labore

67 3045 236 3119 Glossarii
244 3051 381 3120 Liviani
400 3076 443 3121 ex
453 3050 593 3123 schedis
602 3057 693 3149 Aug.
704 3052 800 3123 Guil.
815 3052 969 3122 Ennestii
980 3054 1129 3129 concin-

66 3171 191 3259 nandi,
209 3175 396 3267 negotium
411 3175 630 3262 Plinianum,
645 3175 842 3268 jucundius
858 3175 949 3245 illud
962 3175 1129 3270 quidem,

66 3296 124 3366 sed
133 3313 258 3368 tamen
268 3323 383 3393 quum
395 3298 536 3387 alia,ad
546 3325 626 3396 quae
638 3325 741 3372 meus
753 3326 811 3373 me
821 3303 961 3372 animus
968 3315 1129 3386 vocaret,

66 3421 200 3517 agenda
210 3436 461 3519 suppeterent,
469 3424 584 3494 invito
594 3424 857 3522 reluctantique
866 3426 1126 3521 imponeretur.

66 3543 170 3631 Quod
187 3543 376 3640 quomodo
392 3545 734 3633 administraverim,
748 3549 960 3645 priusquam
975 3546 1129 3619 lectores
1185 3561 1188 3565 ’

66 3664 191 3755 doceo,
207 3669 333 3764 paucis
343 3683 596 3766 quantumque
605 3670 694 3739 mihi
705 3671 883 3758 constitit,
894 3669 1130 3742 indicandum

67 3802 129 3872 est,
144 3815 225 3886 quae
234 3792 328 3860 ratio
342 3791 447 3860 Plinii
461 3791 649 3889 repetendi
666 3795 832 3866 Funestio
847 3794 1031 3892 placuerit.

109 3917 151 3982 In
178 3927 283 3982 textu
307 3911 455 4010 quidem
480 3913 723 4004 recensend0,
750 3918 779 3986 si
806 3917 906 3988 locos
928 3940 1129 4014 perpaucos

68 4036 229 4132 excipias,
243 4041 448 4110 Gesnerum
459 4054 535 4110 erat
546 4040 808 4137 religiosissime
823 4054 1026 4113 secuturus,
1039 4044 1128 4112 Om-
