2648 4830
204 391 288 436 xxiv
393 371 661 441 PRAEFATIO
685 375 725 442 A.
746 375 791 441 G.
817 375 1082 445 ERNESTII.

252 495 411 562 Poterant
434 508 468 562 et
493 495 597 562 textui
617 493 771 564 Pliniano
791 497 931 590 subjici,
949 522 1023 590 quae
1043 498 1075 566 b.
1098 502 1269 568 Gesnerus

203 602 238 669 in
262 600 402 695 epistola
421 600 463 670 ad
486 603 713 673 venerandum
738 618 897 700 patruum
918 630 1029 674 meum
1055 606 1132 675 data
1157 607 1270 702 paullo

203 725 280 806 post
298 710 485 804 evulgatam
501 713 646 806 priorem
661 713 859 801 editionem,
871 714 962 784 velut
975 717 1178 804 auctarium,
1193 742 1270 811 pro·

204 836 360 918 posuerat
376 846 384 890 ε
400 822 456 891 sed
470 824 567 892 vitari
582 839 693 894 tamen
709 828 764 895 vix
777 850 873 919 posse
885 824 1079 913 videbatur,
1093 828 1193 918 quin,
1208 850 1270 895 suo

205 932 394 1029 quibusque
410 931 484 1003 loco
503 934 681 1023 addendis,
697 935 799 1005 veluti
818 935 1044 1004 lunationibus
1061 949 1271 1006 tentarentur

206 1043 518 1114 animadversiones.
543 1048 661 1139 Itaque
686 1047 812 1115 omissis
838 1044 956 1131 modo,
981 1070 1055 1138 quoe
1086 1043 1127 1113 ad
1157 1044 1272 1139 culpas

206 1178 384 1247 operarum
411 1156 639 1248 pertinebant,
665 1149 795 1251 integra
816 1154 871 1231 illa
893 1154 1031 1249 epistola
1052 1168 1180 1227 servata
1200 1168 1271 1244 est3

206 1267 391 1360 praesertim
412 1290 517 1359 quum
539 1267 693 1361 religioni
715 1268 797 1335 mihi
816 1266 992 1353 ducerem,
1014 1278 1272 1333 monumentum

208 1375 377 1460 amicitiae,
396 1375 488 1471 quod
511 1376 566 1445 hic
586 1401 720 1470 quoque
739 1378 771 1444 b.
798 1381 969 1447 Gesnerus
989 1376 1024 1443 in
1043 1373 1272 1443 venerandum

208 1498 366 1578 patruum
381 1509 494 1554 meum
510 1501 636 1555 exstare
649 1485 821 1572 voluisset,
836 1487 1045 1572 subvertere3
1058 1483 1140 1552 adeo
1154 1508 1272 1552 carum

209 1592 291 1664 illud
304 1609 450 1689 patruo,
471 1611 508 1664 ut
529 1598 578 1665 sui
597 1596 740 1664 vicissim
760 1597 794 1663 in
816 1594 909 1664 illum
927 1596 1049 1663 amoris
1069 1592 1269 1662 testificandi

209 1705 317 1798 gratia
338 1703 385 1772 illi
410 1696 574 1798 epistolae,
593 1707 763 1774 sociumne
786 1701 893 1774 dicam
915 1729 957 1772 an
976 1702 1155 1772 aemulum?
1176 1703 1272 1771 addi-

210 1812 297 1882 derit
313 1815 623 1883 commentariolum
636 1839 736 1910 super
752 1815 831 1885 locis
845 1814 1042 1909 quibusdam
1057 1813 1273 1908 epistolarum

155 2009 161 2015 ι
211 1922 288 1997 libri
306 1924 440 2010 decimi,
453 1927 647 2018 Panegyrici
666 1928 763 2013 item,
776 1925 817 1994 ad
832 1951 932 2020 quem
948 1926 1019 2019 ejus
1036 1923 1115 1995 olim
1130 1923 1172 1992 ad
1185 1927 1273 1993 Ges·

211 2057 329 2100 nerum
348 2032 450 2102 literae
466 2059 534 2100 non
551 2037 796 2127 pertinuissent.

261 2145 321 2213 His
345 2145 447 2237 igitur
469 2143 579 2212 fruere
600 2148 637 2213 B.
657 2148 694 2213 L.
713 2146 875 2238 nobisque
898 2145 981 2213 fave.
1006 2147 1075 2214 Scr.
1093 2144 1214 2236 Lipsiae
1238 2143 1274 2211 in

215 2269 364 2327 mercatu
381 2253 507 2324 vernali
524 2257 563 2324 A.
584 2259 625 2326 0.
645 2257 678 2325 S.
699 2278 910 2326 cmmccm.

761 2423 766 2534 ζ
863 2439 903 2508 Α.
930 2441 972 2508 G.
997 2441 1201 2508 Enue'srr.
