2648 4830
220 364 316 410 xxxii
411 340 683 407 PRAEFATIO
708 341 736 406 J.
764 340 812 406 Μ.
841 342 1087 414 GESNERI.

218 490 347 559 aequam
366 461 507 548 scilicet,
521 461 620 554 quin,
635 474 673 527 ut
688 475 737 528 est
750 460 1031 555 religiosissimus,
1045 481 1079 536 et
1091 466 1279 541 officiorum

218 577 369 643 omnium
390 595 458 640 non
477 569 695 664 peritissimus
715 570 834 653 modo,
855 573 912 640 sed
935 574 1035 642 ctiam
1058 577 1280 650 observantis·

217 691 342 775 simus,
354 684 516 774 majorem
535 678 826 775 sollicitioremque
844 709 958 752 curam
977 710 1012 755 se
1030 685 1279 784 debere,quam

218 800 286 870 suis
302 794 379 864 filiis
401 794 622 880 existimaret,
640 816 744 885 quum
764 792 806 861 de
824 794 876 862 his
896 797 1059 864 rationem
1077 797 1278 868 reddendam

218 921 337 1003 praeter
355 906 466 972 Deum
484 916 519 969 et
534 926 628 969 suam
642 902 880 972 conscientiam
897 905 1038 992 nemini,
1052 907 1168 994 sciret;
1187 909 1229 976 de
1246 924 1280 979 te

218 1033 329 1088 autem
348 1017 448 1084 etiam
465 1013 591 1105 judicia
612 1012 754 1082 aliorum
774 1013 949 1084 hominum
967 1032 1169 1086 revereatur.
1190 1021 1287 1089 Huic

217 1129 322 1222 igitur
344 1123 564 1194 Risenbeckio
583 1137 663 1209 tuo,
676 1122 848 1192 verissimo
866 1125 1030 1212 Pboenici,
1047 1152 1156 1219 quum.
1171 1129 1277 1215 credi·

216 1237 323 1322 deris,
340 1260 360 1303 a
376 1258 429 1302 me
448 1233 549 1301 etiarn
570 1232 699 1326 aliquid
721 1232 802 1302 disci
818 1258 914 1328 posse
928 1233 1162 1327 profuturum,
1176 1237 1276 1306 vehe-

216 1359 345 1414 menter
360 1343 444 1411 mihi
458 1340 697 1411 elaborandum
710 1357 774 1430 est,
789 1357 845 1430 ut,
857 1344 982 1412 bonum
1001 1369 1054 1412 me
1069 1345 1179 1413 virum
1193 1369 1279 1433 esse,

216 1455 306 1551 quod
330 1454 378 1522 illi
407 1451 594 1541 credidisti,
618 1466 676 1518 tuo
701 1453 803 1545 ipsius
827 1452 954 1545 judicio
984 1451 1159 1547 intelligas.
1186 1459 1275 1526 Gra·

216 1580 289 1635 tum
305 1563 441 1660 quidem
460 1577 492 1631 et
511 1587 579 1631 non
596 1563 823 1630 immemorem
840 1576 905 1631 tuae
922 1565 957 1630 in
971 1589 1023 1631 me
1041 1563 1276 1657 indulgentie,

215 1675 270 1743 hic
283 1676 352 1769 ipse
361 1671 491 1743 libellus
500 1672 592 1740 testis
602 1694 732 1763 semper
740 1671 1035 1740 exstabit2Utinam
1048 1675 1147 1742 etiam
1159 1699 1276 1743 verum

215 1811 269 1852 me
281 1799 390 1853 vatem
405 1806 564 1875 agnoscas
574 1778 765 1871 aliquando,
774 1805 878 1872 quum
893 1780 1069 1874 praedicere
1079 1781 1140 1849 tibi
1153 1783 1276 1871 audeo,

215 1894 305 1988 quod
323 1889 608 1961 vehementissime
622 1904 721 1982 opto,
735 1904 768 1957 et
781 1913 799 1956 e
811 1891 914 1981 signis
930 1915 1006 1960 raro
1019 1890 1190 1961 fallacibus
1203 1893 1275 1962 col-

214 2002 316 2098 ligere
330 2001 413 2070 mihi
432 1997 561 2086 videor,
579 1997 749 2085 futurum,
764 2013 803 2066 ut
819 2000 869 2067 tui
889 2000 979 2069 cives>
994 1999 1095 2095 longa
1109 1997 1275 2096 plenaque

215 2113 276 2182 sub
289 2126 322 2180 te
338 2109 493 2178 felicitate
508 2107 595 2176 beati
614 2111 737 2201 gratias
752 2107 932 2176 decernant
948 2111 986 2177 iis
998 2111 1172 2194 omnibus,
1186 2137 1274 2204 quo·

215 2248 291 2291 rum
302 2245 404 2306 cura,
417 2217 546 2307 studio,
568 2216 733 2306 consiliis,
746 2243 865 2312 opera,
880 2221 1168 2313 generosissimum
1190 2222 1275 2291 illud

215 2347 330 2426 pectus
351 2329 531 2399 virtutibus
553 2327 707 2396 omnibus
721 2328 921 2425 impletum,
936 2344 969 2397 et
988 2332 1154 2425 sapienter
1171 2331 1274 2401 felici·

215 2456 330 2535 terque
352 2437 622 2507 administrandae
643 2436 831 2530 reipublicae
848 2453 1069 2531 praeparatum
1090 2442 1171 2528 erit,
1192 2467 1274 2534 qua·

216 2577 290 2620 rum
309 2575 420 2619 rerum
439 2547 617 2642 quamdam
633 2550 727 2640 quasi
743 2571 899 2615 auroram
913 2551 983 2640 jam
1002 2550 1151 2618 videmus
1167 2553 1203 2618 in
1222 2565 1273 2620 tot

214 2661 331 2747 rebus,
350 2683 432 2752 quas
448 2659 483 2726 in
495 2657 624 2744 Plinio,
635 2659 704 2749 jam
719 2672 794 2744 tuo,
813 2657 921 2726 adbuc
934 2683 1083 2728 amamus
1100 2659 1217 2744 hodie,
1236 2663 1274 2729 in

214 2785 265 2839 tot
280 2771 411 2865 pueris,
430 2782 468 2836 ut
489 2769 554 2837 hoc
569 2782 662 2851 utar,
674 2769 731 2859 qui
750 2781 807 2835 tua
826 2766 1023 2835 liberalitate
1041 2767 1133 2837 cultu
1148 2769 1271 2838 burna·

214 2880 327 2970 nitatis
344 2893 378 2946 et
393 2875 562 2971 religionis
580 2876 794 2964 imbuuntur,
813 2878 848 2943 in
870 2890 925 2973 tot
940 2878 1086 2963 miseris,
1103 2878 1160 2970 qui
1179 2877 1275 2948 beni·

213 2991 339 3084 gnitate
358 3004 415 3056 tua
432 2988 603 3075 foventur,
623 2988 656 3054 in
677 3000 728 3054 tot
740 2985 895 3054 studiosis
910 2986 1109 3078 juvenibus,
1130 2988 1187 3080 qui
1209 2989 1272 3056 tibi

212 3123 246 3165 se
265 3098 384 3166 debere
397 3097 472 3165 vitae
487 3111 520 3165 et
534 3094 719 3164 studiorum
735 3094 886 3189 praesidia
902 3095 1052 3188 quaedam
1068 3098 1154 3190 grati
1168 3122 1275 3190 agno·

212 3223 327 3296 scunt,
344 3209 377 3274 in
397 3205 530 3274 familiae
553 3221 617 3274 tuae
637 3205 812 3299 disciplina
832 3219 866 3272 et
884 3206 1142 3298 tranquillitate,
1158 3208 1193 3275 in
1209 3208 1272 3275 ho·

210 3341 292 3384 nore
312 3341 446 3402 eorum,
470 3315 592 3407 quibus
615 3316 776 3407 contigit,
795 3329 832 3382 ut
854 3314 896 3381 ad
923 3316 1048 3409 ingenii
1071 3317 1120 3383 tui
1140 3315 1272 3386 cultum

210 3427 335 3520 aliquid
359 3425 541 3494 conferant.
557 3426 668 3493 Macte
682 3425 753 3492 istis
770 3423 943 3513 laudibus,
961 3425 1186 3494 Illustrissime
1205 3430 1272 3497 Co»

209 3563 296 3618 mes,
313 3552 346 3606 et
362 3538 440 3605 istas
457 3534 722 3630 praeclarissimas
737 3536 1024 3605 rectricisvirtutis
1040 3536 1272 3607 meditationes

209 3647 251 3715 ad
267 3649 376 3740 ipsum
395 3646 585 3741 reipublicae
604 3660 714 3714 actum
733 3660 767 3712 et
783 3647 905 3714 civium
924 3661 1059 3714 tuorum
1079 3644 1273 3716 felicitatem

208 3754 478 3848 reliquorumque
498 3755 752 3824 admirationem
774 3781 834 3824 suo
854 3770 1005 3849 ternpore
1023 3755 1138 3822 faustis
1157 3758 1271 3850 auspi⁴

208 3867 267 3934 ciis
280 3864 432 3932 transfer.
448 3870 501 3934 Ita
514 3869 606 3936 Deus
623 3881 753 3935 aetatem
769 3881 861 3934 tuam
876 3865 973 3932 bonis
983 3864 1138 3933 omnibus
1153 3888 1271 3934 cumu-

207 3972 265 4044 let!
276 4015 324 4026 —-
335 3973 421 4040 Dab.
438 3975 473 4039 in
487 3975 684 4061 Academia,
701 3967 800 4069 quam
821 3996 939 4061 ornas,
954 3975 1101 4068 Georgia
1116 3979 1270 4070 Augusta

205 4084 282 4154 Kal.
298 4084 437 4155 Octobr.
451 4107 725 4156 croroccxxxvur.

806 4183 835 4249 J.
862 4183 910 4249 M.
941 4183 1191 4253 Gssusnus.
