2648 4830
442 336 725 408 SCHAEFERI.
1052 365 1130 416 xm

41 522 87 595 93
107 495 331 591 Voluptates
355 503 437 560 sunt
463 493 557 558 enim
577 482 668 559 Plin.
693 491 863 585 Panegyr.
885 490 1068 578 LXXXII,
1089 495 1130 581 8,

45 648 94 696 ex
115 624 223 694 certa
238 617 349 715 lipsii
367 613 628 687 emendatione.
651 612 838 686 Sufficient
857 615 943 687 haec.
965 618 1019 687 Ad
1038 616 1132 690 hanc

48 772 230 823 normam
248 768 377 816 vereor
397 767 444 814 ne
464 740 666 838 corrigendi
687 742 759 812 sint
780 741 830 811 illi
851 741 942 830 loci,
964 741 1027 813 nbi
1050 766 1134 841 par-

50 876 171 949 ticula
200 872 315 945 verbo
338 870 563 943 substantivo
585 871 775 967 praeposita
794 871 1000 967 reperitur:
1020 874 1135 944 veluti

53 1009 151 1077 caes.
168 1000 267 1072 des.
285 999 475 1086 c.11‚32;
494 999 566 1069 cte.
584 996 630 1068 de
649 1002 747 1068 orat.
765 999 800 1084 Ι,
821 1021 887 1093 29;
904 1002 960 1087 11,
981 999 1045 1086 si„
1063 1005 1133 1092 111,
1279 1082 1292 1115 .

57 1130 131 1218 453
152 1129 245 1200 Plin.
265 1126 370 1224 epist.
389 1129 541 1221 v1‚29,
565 1125 598 1197 3.
614 1124 800 1211 -Idem,
818 1126 966 1222 opinor,
992 1125 1037 1198 de
1059 1129 1135 1198 aliis

59 1254 254 1359 particulis
270 1249 487 1325 tenendum:
504 1252 673 1322 Liberum
687 1267 739 1321 est
754 1267 878 1323 autem
896 1252 985 1324 Plin.
1007 1258 1135 1352 Paneg.

60 1386 238 1471 XXXVI,
256 1379 295 1469 53
310 1384 398 1452 Non
412 1394 594 1450 estoutem
610 1382 733 1449 Senec.
750 1379 852 1475 epist.
870 1380 914 1449 82
924 1433 935 1466 ,
957 1405 1011 1477 173
1022 1386 1138 1454 Nemo

64 1528 119 1585 est
142 1534 228 1608 eigo
252 1508 341 1580 Plin.
365 1511 534 1603 Panegyr.
559 1508 684 1593 XLIV,
709 1504 740 1575 3.
763 1504 943 1575 Adhibita
960 1522 1013 1579 est
1033 1514 1140 1604 igitur

66 1639 143 1709 Cic.
163 1630 210 1706 de
229 1640 325 1706 Orat.
345 1637 380 1718 Ι,
402 1635 460 1717 42.

116 1766 232 1863 Epist.
250 1769 289 1847 Ι,
312 1759 372 1846 16,
394 1787 433 1849 2,
450 1761 530 1856 jure
544 1784 546 1789 ·
559 1760 700 1859 praetuli
720 1768 850 1832 acuite.
875 1759 1063 1835 Secundus
1081 1788 1140 1837 re-

72 1892 193 1991 spexit
210 1889 369 1960 Tullium
384 1910 489 1959 suum
505 1888 550 1958 de
564 1901 653 1957 orat.
669 1892 721 1973 II,
743 1889 775 1958 8.
798 1889 900 1978 Quid
915 1907 1038 1962 autem
1054 1890 1140 1963 snb·

73 2017 170 2090 tilius
177 2070 189 2106 ,
211 2040 322 2114 quom
343 2030 463 2085 ocutoe
482 2013 687 2110 oiebioeqne
703 2017 916 2086 sententiae?

121 2145 236 2243 Epist.
249 2146 298 2229 Π,
317 2139 373 2227 15,
386 2168 419 2226 2,
435 2139 583 2237 alioqui.
597 2140 655 2210 Sic
668 2139 836 2236 alioquin
847 2143 924 2213 sine
937 2161 974 2213 et
983 2145 1143 2214 occurrit

77 2274 142 2358 VI,
162 2266 229 2355 23,
253 2291 289 2355 13
308 2271 391 2355 VII,
414 2264 472 2354 31,
500 2288 535 2355 13
556 2272 604 2355 X,
626 2288 689 2354 20,
712 2292 742 2352 1,
763 2267 827 2362 qui
849 2267 919 2339 loci
945 2271 1143 2366 Gierigium

80 2394 226 2466 tandem
247 2391 471 2480 docuerunt,
488 2390 611 2463 fallere
631 2393 792 2490 regulam
807 2395 1099 2467 Schwarzianam.

125 2520 239 2618 Epistss
252 2523 319 2605 III,
338 2518 378 2605 5,
396 2519 438 2604 8,
452 2524 656 2615 parcissimi
666 2520 797 2589 iterum
811 2517 973 2591 defendit
985 2527 1004 2592 J
1006 2577 1013 2592 .
1026 2528 1067 2594 A.
1082 2529 1144 2595 Er·

80 2648 216 2719 nestius
233 2645 273 2714 in
297 2645 404 2714 Clave
426 2645 590 2715 Ciceron.
612 2645 691 2716 Vid.
714 2645 838 2717 vocab.
855 2665 1020 2743 paratus.
1063 2662 1068 2669 '

125 2776 214 2845 Not.
234 2769 281 2841 ad
299 2793 355 2867 ep.
370 2770 439 2858 III,
457 2769 496 2858 6,
513 2768 545 2841 3.
563 2772 723 2841 Tertium
743 2773 947 2869 exemplum
967 2775 1145 2848 confusio·
1192 2862 1195 2866 y

84 2900 135 2970 nis
144 2919 279 2969 vocum
292 2893 368 2976 οἶνος
383 2909 419 2966 et
430 2901 521 2976 ὕπνος
535 2897 653 2992 reperi
667 2898 704 2966 in
719 2897 911 2971 collatione
926 2905 1147 2975 Porsoniana

85 3025 215 3098 codicis
236 3023 417 3094 Harleiani
436 3022 562 3120 Odyss.
585 3029 622 3093 B.
646 3023 733 3121 395,
756 3050 835 3124 pag.
860 3053 923 3115 ια,
942 3055 973 3100 a.

126 3155 241 3252 Epist.
258 3155 325 3239 IV,
351 3177 380 3238 1,
406 3178 448 3240 2,
467 3150 680 3246 adligamos.
700 3152 790 3224 Add.
812 3159 840 3224 I.
863 3161 919 3224 Fr.
941 3159 1169 3234 Gronovius.

87 3281 126 3352 ad
144 3285 273 3352 Senec.
291 3279 394 3376 epist.
414 3281 476 3374 94,
497 3301 575 3374 pag.
595 3279 675 3372 449.
1116 3281 1125 3295 ’

128 3407 243 3505 Epist.
266 3409 326 3489 IV,
356 3404 414 3490 13,
441 3406 474 3475 8.
501 3408 619 3476 Locus
644 3402 703 3474 hic
728 3407 859 3476 tentati
882 3428 957 3478 non
981 3407 1146 3480 debebat.

89 3533 215 3606 Similis
233 3533 274 3601 in
287 3531 489 3628 negationis
508 3555 578 3602 usu
597 3532 774 3603 anomalia
789 3535 945 3604 occurrit
960 3540 1004 3623 V,
1028 3561 1082 3632 17,
1108 3535 1148 3626 6,

90 3657 146 3730 ubi
158 3657 232 3729 vid.
256 3681 337 3754 quae
355 3657 489 3728 notavi.

130 3785 241 3882 Epist.
263 3789 309 3870 4,
329 3807 388 3878 27,
411 3782 446 3853 6.
475 3786 613 3853 Locum
635 3783 870 3882 Euripideum
891 3787 1063 3884 Sophocli
1089 3789 1151 3858 tri·

93 3907 165 3982 buit
190 3910 394 4006 insciteque
426 3909 684 4007 interpretatur
712 3913 886 3985 Devarius
913 3913 958 3986 de
988 3916 1150 4014 porticui.

98 4058 170 4136 pig.
190 4035 276 4134 349,
297 4060 352 4133 sq.
370 4034 429 4108 ed.
450 4041 594 4109 Reusm.

986 4181 1011 4253 B
