2648 4830
202 397 310 443 xxxvs
419 375 447 439 J.
476 375 517 440 A.
545 373 781 441 GESNERI
806 376 1067 446 EPISTOLA

201 498 253 573 qui
268 495 404 563 volebat,
426 493 451 550 si
471 493 629 569 impeditus
653 508 727 551 esset
748 514 852 569 parare
870 495 1043 568 orationem,
1057 519 1147 576 quam
1163 504 1274 564 actione

200 589 308 644 deinde
322 587 508 664 exprimeret.

241 687 272 755 Ι,
288 703 338 749 ao,
357 704 402 756 17.
418 686 462 739 De
474 681 627 757 Eupolidis
639 684 670 738 iu
683 683 823 742 Periclem
834 687 935 745 verbis
946 689 1033 745 etiam
1046 691 1125 750 dicta
1139 697 1275 770 quaedam

200 779 238 835 ad
251 775 377 851 Quintil.
391 779 435 844 X,
455 795 480 847 r,
495 776 544 832 lla.

239 885 283 952 11,
294 882 323 951 3,
334 900 362 937 a.
376 882 464 936 Ponit
474 882 684 937 controversias
698 881 753 938 tibi
770 882 882 956 placet,
897 905 989 960 quum
1002 886 1074 944 alias
1085 880 1275 948 uon‘intelli-

200 988 296 1053 gatar,
312 973 464 1048 quomodo
481 973 623 1046 elegerint
638 973 796 1030 auditores.
810 978 886 1031 Mihi
901 978 988 1034 etiam
1004 980 1066 1035 sine
1088 982 1274 1040 dubitatione

198 1070 341 1144 placeret,
360 1065 419 1123 nisi
438 1065 719 1139 extemporalitatem
741 1068 872 1124 laudaret
892 1069 1001 1126 Plinius
1021 1091 1028 1126 :
1050 1091 1115 1145 quae
1138 1086 1274 1147 suspecta

199 1179 268 1218 sane
283 1170 339 1230 cst,
360 1158 384 1215 si
401 1158 465 1234 ipse
480 1158 659 1213 declamator
674 1160 889 1216 controversias
902 1165 1012 1235 pouit.-
1030 1178 1165 1238 suspecta
1186 1167 1274 1222 etiam

200 1264 260 1321 est,
275 1253 301 1308 si
318 1252 354 1307 de
368 1249 506 1325 pluribus
521 1268 593 1323 quas
604 1253 754 1324 poposcit,
773 1270 863 1307 uuam
880 1254 941 1325 ipse
958 1255 1064 1328 eligas,-
1082 1267 1178 1329 potest
1187 1251 1274 1313 'enim

199 1345 394 1403 constitutum
411 1341 520 1398 habere
538 1361 606 1397 cum
629 1361 663 1397 eo
685 1343 737 1416 qui
757 1343 873 1417 posuit;
891 1354 987 1415 potest
1007 1358 1085 1401 certe
1106 1346 1274 1405 facillimam

200 1439 338 1515 deligere.
352 1434 488 1511 Suspicio
504 1439 600 1490 omnis
614 1433 711 1502 abest,
722 1435 746 1489 si
761 1436 858 1508 primo
868 1438 963 1508 poscit
974 1440 1191 1496 controversias
1206 1442 1273 1517 plu-

199 1550 260 1601 res;
284 1540 346 1585 tum
361 1529 397 1584 de
416 1528 552 1602 pluribus
574 1525 632 1582 illis
648 1524 823 1582 electionem
837 1528 980 1600 permittit
995 1530 1199 1599 auditoribus,
1221 1533 1273 1607 qui

199 1623 248 1680 vel
262 1621 473 1678 sententiarum
489 1637 629 1686 numero,
643 1619 690 1673 vel
705 1629 784 1673 sorte
804 1620 878 1674 adeo
897 1619 1032 1677 decidere
1050 1636 1187 1696 possunt.
1204 1626 1273 1681 Mea

200 1717 250 1773 hic
261 1717 348 1789 culpa
361 1726 418 1782 est,
432 1713 498 1788 qui,
514 1712 585 1768 dum
595 1712 692 1767 brevis
706 1729 769 1766 esse
778 1712 879 1779 volui,
893 1713 1017 1787 abrupte
1030 1715 1117 1771 nimis
1132 1717 1272 1790 loquutus

200 1829 266 1866 sum
277 1850 283 1877 ,
293 1819 327 1864 ut
338 1819 370 1862 tu
379 1806 469 1862 etiam
479 1803 615 1860 dubitare
628 1822 747 1878 posses,
759 1804 810 1877 qui
824 1816 867 1860 tot
878 1806 1017 1880 perplexa
1026 1809 1117 1864 solvis
1127 1809 1272 1882 quotidie.

240 1917 281 1982 11,
300 1912 328 1982 5,
344 1911 370 1967 6.
381 1913 438 1966 Pro
449 1908 590 1966 adverbio
600 1911 707 1978 loetius,
719 1922 822 1965 contra
832 1912 958 1967 alterum
970 1915 1085 1981 lautius,
1100 1934 1273 1992 propugnas

200 2010 259 2064 boc
274 2007 364 2063 modo
375 2046 383 2072 ‚
395 2024 455 2061 nou
468 2016 582 2060 tantum
594 2015 627 2058 ut
640 2002 682 2057 illi
690 2004 787 2059 locum
800 2001 848 2059 hic
860 2023 921 2060 esse
936 2007 1084 2074 ostendas,
1095 2007 1178 2080 quod
1189 2007 1274 2065 lacile

200 2099 287 2168 dedi;
304 2086 356 2156 sed
371 2097 438 2153 huic
452 2109 486 2153 ut
497 2115 561 2153 esse
575 2114 672 2169 neges.
686 2097 775 2151 Ponis
792 2108 904 2170 autem,
919 2096 966 2153 hic
980 2117 1146 2154 sermonem
1157 2118 1221 2155 esse
1236 2100 1273 2156 de

199 2195 284 2268 copia
293 2191 455 2260 orationis,
470 2190 507 2246 ad
521 2208 611 2264 quam
621 2192 714 2244 lautus
726 2190 773 2243 vix
790 2189 945 2246 referatur.
960 2194 1060 2259 Quum
1069 2210 1139 2246 vero
1151 2191 1271 2258 videas,

199 2285 257 2342 hoc
271 2304 332 2342 nou
348 2283 418 2340 satis
434 2281 552 2338 firmum
568 2300 649 2351 esse,
669 2294 697 2336 et
715 2286 807 2336 lautos
826 2283 958 2338 homines
977 2283 1064 2339 etiam
1079 2284 1137 2339 dici
1158 2288 1273 2358 copiose

198 2390 329 2447 ornatos,
349 2395 403 2433 nec
418 2375 455 2432 dc
469 2376 531 2431 sola
546 2373 593 2431 hic
608 2374 693 2448 copia
708 2375 775 2450 agi,
793 2393 882 2452 negas
896 2395 993 2431 severo
1012 2387 1041 2432 et
1063 2377 1140 2432 tristi
1159 2378 1274 2452 opponi

199 2488 288 2548 posse
298 2473 407 2524 lautum
415 2488 426 2536 ,-
438 2465 551 2542 opponi
563 2470 660 2521 loetum
672 2487 688 2520 a
699 2479 803 2523 nostro
813 2469 872 2535 Ill,
888 2467 934 2536 18,
949 2487 993 2522 ιο.
1005 2470 1113 2522 Verum
1125 2470 1182 2523 hoc
1195 2488 1273 2545 quo-

200 2581 259 2637 que
275 2562 360 2616 aliter
375 2579 405 2614 se
424 2560 549 2627 babere,
565 2556 638 2614 mihi
655 2557 819 2614 videbatur.
834 2561 931 2615 Severi
943 2573 971 2616 et
987 2562 1082 2616 tristes
1097 2560 1187 2616 iidem
1203 2574 1273 2618 suut

199 2654 341 2727 squalidi,
359 2651 517 2718 immundi,
534 2663 567 2706 ut
584 2650 613 2705 in
626 2649 740 2726 jejunio
759 2649 918 2707 Pharisaei:
937 2653 1044 2707 hilares
1058 2663 1162 2708 contra
1178 2654 1270 2719 lauti,

200 2747 296 2812 uncti,
317 2745 405 2799 nitidi
416 2756 470 2800 etc.
484 2741 588 2816 quales
601 2741 667 2797 vult
688 2761 750 2799 esse
769 2744 904 2798 Salvator
917 2762 1000 2812 suos,
1022 2739 1114 2818 quum
1133 2744 1273 2817 jejunant

199 2837 298 2894 otiam.
314 2834 447 2909 Denique
458 2853 518 2889 non
531 2833 686 2908 probabile
696 2847 740 2889 est
749 2877 758 2902 ,
768 2854 823 2908 pro
837 2837 930 2890 laetius
942 2835 1067 2911 aliquem
1085 2838 1273 2894 substituisse

200 2931 328 2984 lautius:
343 2929 392 2983 sed
409 2926 466 2983 hoc
480 2925 525 2981 illi
536 2925 652 2998 jussum
671 2926 774 2982 cedere
787 2945 804 2982 a
817 2927 1053 2993 correctoribus,
1068 2930 1116 2984 vel
1133 2928 1197 3002 ipsa
1219 2940 1273 2986 tua

199 3019 360 3097 disputatio
377 3019 495 3075 iudicat.

239 3128 308 3202 Pag.
323 3145 380 3200 93,
396 3144 426 3179 n.
443 3132 487 3191 14.
500 3122 632 3180 Obscura
643 3124 786 3198 loquutus
796 3124 1094 3194 sum.Hocvolo,tres
1105 3126 1273 3198 clepsydras

199 3218 282 3274 unius
297 3217 377 3271 liorae
390 3219 485 3289 spatio
500 3217 659 3288 effluxisse.

239 3325 286 3394 11,
299 3341 345 3391 ιι,
356 3320 403 3376 25.
420 3325 490 3398 Leg.
504 3323 593 3376 scribe
600 3368 610 3394 ,
624 3322 697 3396 quid
706 3322 869 3376 arbusculae
881 3334 979 3394 agant.
995 3328 1177 3399 Quamquam
1192 3322 1273 3380 euim

198 3415 269 3489 satis
282 3416 421 3490 frequens
434 3425 495 3482 est;
512 3426 580 3488 post
594 3414 823 3488 interrogativa,
839 3415 959 3489 obliqua
977 3417 1079 3487 etiam,
1095 3420 1168 3492 poni
1190 3416 1272 3473 indi—

197 3509 343 3565 cativum:
362 3506 481 3564 Cortius
496 3518 611 3575 tamen,
624 3505 712 3562 credo
725 3506 812 3562 bouis
827 3508 1016 3579 auctoribus,
1030 3524 1124 3584 agant
1135 3514 1248 3589 posuit.

237 3617 283 3686 11,
302 3635 347 3686 17,
363 3634 392 3670 n.
412 3635 436 3670 1.
451 3618 557 3671 Mones
570 3633 628 3681 me,
645 3613 696 3686 qui
712 3633 741 3668 es
754 3612 858 3670 oculus
869 3635 969 3684 meus,
984 3617 1164 3675 consulenda
1181 3622 1273 3683 etiam

197 3724 276 3774 csse,
288 3725 352 3781 quae
363 3707 399 3762 de
411 3706 469 3763 situ
482 3705 653 3763 Laurentini
662 3717 765 3762 contra
777 3708 963 3764 Holsteuium
973 3710 1105 3784 disputat
1115 3712 1271 3772 Fabrettus

195 3799 289 3856 Inscr.
303 3809 374 3854 antt.
387 3817 417 3871 p.
430 3799 498 3869 752.

236 3908 305 3979 Pag.
325 3911 392 3972 141,
408 3923 437 3961 n.
452 3925 479 3975 7.
501 3904 617 3978 Abiecit
640 3904 720 3959 beu!
743 3905 871 3960 bumana
894 3904 994 3961 omnia
1009 3904 1139 3965 Baierus.
1162 3912 1271 3989 Itaque

194 4015 257 4052 nou
271 4007 331 4065 est,
347 3997 430 4072 quod
443 4000 603 4072 parvulum
613 3996 688 4054 illud
701 3997 739 4053 ab
753 4015 788 4053 eo
802 4016 968 4072 speremus,
983 4000 1035 4076 qui
1046 4002 1142 4060 multo
1153 4005 1268 4079 majora

194 4086 369 4149 destituerit.
