2648 4830
201 374 272 417 xxx
597 350 865 417 PRAEFATIO

202 475 313 541 sticos.
335 472 370 539 Si
393 495 460 563 qua
484 470 588 539 latent
607 469 665 566 (ex
685 472 741 553 iis,
763 496 836 564 quae
856 471 934 541 data
955 489 1033 543 sunt
1054 485 1088 562 ¹,
1105 477 1265 570 specimi-

202 582 302 651 nibus
319 580 468 649 nondum
489 578 630 674 intelligi
649 582 726 649 satis
743 581 871 676 potuit,
886 598 1050 673 quantum
1065 608 1104 652 ea
1120 606 1268 656 momen·

201 707 274 762 tum
296 689 461 785 habeant)
482 714 550 757 non
574 689 692 783 ipsius,
711 691 832 758 iterum
854 690 1039 780 confirmo,
1061 708 1094 762 et
1117 694 1183 762 fide
1202 696 1264 763 viri

200 802 280 869 boni
304 799 488 885 confirmo,
509 797 607 892 culpa
626 797 749 885 latent;
770 798 941 892 proditura
962 799 1048 871 forte
1066 802 1266 897 aliquando,

201 911 298 979 nobis
316 910 452 1021 minipne
467 908 599 996 invitis,
613 908 671 976 sed
684 908 830 977 candide.
839 907 1087 1002 plaudentibus.
1106 914 1266 1008 Carpum

201 1023 304 1115 igitur
313 1019 482 1104 Frt'tsclu’i,
494 1019 561 1089 huc
575 1019 664 1086 enim
676 1018 795 1106 redeo,
811 1018 995 1088 rationibus
1008 1034 1042 1089 et
1056 1021 1195 1090 consilio
1209 1022 1264 1090 ob

201 1146 361 1225 sequutus
376 1155 459 1217 sum,
472 1131 530 1225 qui
543 1129 723 1211 desiderari
741 1129 848 1197 aiebat
857 1128 1014 1218 Plinium,
1031 1144 1063 1198 et
1077 1131 1263 1220 emendate,

201 1254 363 1337 quantum
380 1241 451 1332 ejus
471 1238 542 1307 fieri
561 1253 693 1332 posset,
708 1238 855 1324 editum,
872 1252 905 1306 et
921 1237 1191 1308 adnotationibus
1208 1241 1263 1308 in-

201 1364 366 1421 structum
386 1351 443 1431 iis,
459 1349 580 1442 quibus
601 1349 747 1441 apertior
771 1348 864 1416 fieret
885 1348 973 1418 illius
993 1352 1177 1435 sententia,
1194 1376 1263 1418 non

201 1463 313 1553 pueris
330 1458 482 1554 quidem,
498 1472 532 1525 et
550 1459 701 1525 omnium
717 1482 829 1525 rerum
846 1457 1001 1541 rudibus,
1020 1459 1075 1528 sed
1093 1459 1165 1546 his,
1181 1486 1264 1554 quo-

202 1594 276 1638 rum
296 1571 442 1639 rationes
460 1592 529 1636 non
546 1567 677 1652 ferunt,
689 1591 820 1660 semper
831 1567 874 1634 ad
886 1567 967 1635 alios
983 1567 1084 1636 libros
1099 1583 1137 1635 ut
1151 1593 1262 1638 recur-

202 1695 297 1765 rant,
320 1680 497 1764 historias,
523 1677 823 1770 antiquitatemque
849 1677 883 1744 in
911 1694 1070 1771 promptu
1094 1679 1262 1762 habeant,

201 1789 351 1860 difficiles
368 1788 673 1860 Grammaticorum
692 1786 800 1855 nodos
815 1785 914 1881 longa
928 1786 1142 1855 meditatione
1157 1787 1262 1856 resol-

198 1915 288 1968 uant.
301 1898 686 1978 Lectionisvarietatem,
698 1897 833 1989 ejusque
847 1899 893 1964 rei
904 1895 1179 1990 disputationem,
1191 1922 1261 1966 uon

200 2024 306 2078 totam
324 2008 379 2076 ille
396 2007 531 2102 quidem
548 2005 743 2074 excludebat
754 2058 763 2091 ,
774 2005 831 2073 sed
844 2004 982 2099 optabat
998 2004 1261 2074 moderationem

200 2144 239 2187 ea
263 2121 298 2186 in
324 2144 358 2186 re
376 2117 548 2203 adhiberi,
571 2140 644 2209 quae
666 2141 735 2184 non
756 2115 935 2184 deterreret
961 2115 1127 2203 homines,
1148 2115 1260 2208 quales

202 2228 454 2323 descripsimus,
474 2226 530 2294 sed
550 2226 681 2313 eadem,
698 2250 771 2319 quae
790 2227 931 2294 maxime
949 2227 1131 2295 necessaria
1148 2227 1259 2295 viden·

201 2351 275 2426 tur,
299 2362 368 2404 nou
391 2335 623 2404 dissimularet.
647 2340 738 2424 Hoc,
757 2350 795 2403 ut
820 2360 879 2429 per
906 2360 940 2403 se
959 2335 1136 2404 honestum
1158 2350 1261 2404 estet

200 2445 281 2512 utile
300 2445 496 2539 consilium,
514 2447 560 2513 ita
582 2459 747 2538 oportune
759 2445 830 2537 jam
850 2443 959 2512 locum
981 2444 1260 2539 habebat,quum

201 2570 278 2624 ante
297 2581 402 2624 annos
422 2581 491 2625 non
510 2557 557 2624 ita
574 2553 698 2622 mult6s
716 2554 901 2648 prodierint
920 2554 1082 2648 epistolae,
1101 2556 1260 2623 Cortiana

200 2680 233 2733 et
243 2665 451 2759 Longoliana
460 2665 624 2732 industria
635 2689 758 2757 magno
772 2679 934 2757 apparatu
948 2663 1064 2733 critico
1075 2664 1259 2751 instructae,

159 2781 162 2788 '
200 2775 242 2843 de
259 2776 464 2867 Panegyrico
480 2789 591 2842 autem
610 2798 679 2840 non
698 2771 822 2841 laudati
840 2773 940 2842 modo
958 2773 1139 2847 Schwarzii
1158 2798 1260 2868 opera

201 2885 236 2951 in
249 2883 629 2977 maxima-proximaque
639 2884 884 2975 exspectatione
895 2884 950 2971 sit,
960 2883 1019 2952 sed·
1028 2885 1161 2976 egregia
1174 2909 1258 2976 quo·

201 3018 268 3086 que
292 2994 404 3060 omnia
428 2993 575 3059 minetur
597 2991 647 3059 Cl.
672 2993 901 3060 Arntzenius:
928 3015 1072 3084 quorum
1097 2991 1260 3059 industria

201 3104 347 3196 quaesitis
363 3103 412 3169 uti
433 3117 609 3195 poterunt,
625 3103 682 3195 qui
703 3116 793 3188 toto,
809 3102 899 3194 quod
917 3103 1033 3186 aiunt,
1051 3125 1145 3170 sacco
1163 3100 1258 3169 fundi

202 3212 264 3279 sibi
293 3208 406 3278 volent
428 3234 508 3303 opes
531 3211 672 3278 criticas.
700 3212 771 3279 Nos
793 3235 890 3303 ergo,
910 3225 1074 3303 quantum
1101 3211 1259 3304 consequi

202 3321 311 3389 studio
336 3335 437 3413 atque
458 3321 643 3388 intentione
663 3323 887 3417 (quamquam
910 3345 1010 3415 saepe,
1036 3335 1075 3388 ut
1096 3321 1166 3413 ipse
1190 3344 1258 3388 non

203 3431 355 3522 ignoras,
374 3427 601 3496 Illustrissime
617 3431 753 3516 Comes,
770 3428 1189 3523 interpellati)potuimus,
1207 3444 1257 3498 ta-

202 3539 266 3607 lem
278 3539 396 3607 damus
408 3536 572 3623 Plinium,
585 3539 643 3630 qui
658 3538 749 3606 utilis
762 3564 832 3607 esse
844 3541 947 3633 possit
961 3541 1098 3633 propius
1114 3553 1148 3607 et
1163 3564 1257 3608 accu-

201 3651 306 3717 ratius
324 3651 451 3742 ipsum,
471 3672 540 3716 non
558 3647 730 3734 librarios,
747 3673 945 3742 cognoscere
962 3647 1147 3715 volentibus
1164 3674 1172 3714 :
1192 3672 1259 3741 qua

202 3761 295 3826 inre
314 3757 371 3825 illa
394 3759 575 3851 prasertim
595 3757 711 3826 habita
733 3758 819 3826 ratio
840 3772 906 3845 est,
928 3771 966 3825 ut
987 3781 1056 3823 nou
1075 3780 1131 3823 eos
1156 3754 1257 3824 modo

200 3870 289 3938 locos
307 3870 619 3962 interpretaremur,
634 3870 693 3962 qui
709 3868 919 3938 vehementer
938 3864 1086 3958 indigere
1103 3889 1141 3933 ea
1156 3888 1256 3958 opera

241 4125 253 4158 1
267 4101 424 4160 Miscellan.
440 4099 593 4158 Observat.
604 4100 669 4158 Vol.
680 4103 736 4156 Vll
744 4119 753 4169 3
766 4115 830 4174 pag.
845 4104 917 4168 274,
928 4114 969 4171 sq.
