2648 4830
511 673 958 812 LECTORI

569 953 692 1020 AEQuo
710 954 760 1008 nr
777 955 915 1008 oocro

412 1179 455 1276 J.
495 1174 677 1279 nuc.
712 1177 1066 1282 nnunsrr
1120 1332 1122 1335 Ι

670 1453 697 1496 S.
720 1452 752 1496 P.
772 1453 806 1497 1).

543 1671 935 1705 ι--θθΘ-ῃ

201 1867 263 1984 ΙΝ
282 1903 441 1974 institutis
455 1900 653 1995 eloquentiae
665 1903 840 1994 praeceptis
853 1902 1079 1999 exemplisque
1093 1931 1154 2000 per
1167 1907 1280 1981 lectio·

199 2043 260 2086 nes
281 2014 432 2110 publicas
454 2011 641 2098 tradendae,
667 2035 800 2105 semper
817 2013 883 2081 hoc
909 2016 959 2082 usi
982 2041 1115 2105 sumus,
1138 2036 1176 2088 ut
1199 2039 1280 2116 post

199 2140 386 2222 praecepta,
406 2122 590 2192 secundum
609 2136 762 2189 nostrum
782 2124 956 2192 initiorum
976 2126 1222 2199 rhetoricorum
1241 2133 1280 2201 li·
1301 2190 1304 2196 .

199 2237 326 2307 bellum
351 2248 409 2302 aut
430 2233 602 2303 Ciceronis
629 2247 799 2299 oratorem
821 2233 1002 2328 explicata,
1024 2239 1170 2330 primum
1198 2266 1277 2311 ora-

199 2345 308 2417 tiones
326 2343 487 2439 quasdam
505 2366 790 2436 proponeremus,
806 2343 929 2436 quibus
948 2347 1144 2416 enarrandis
1165 2364 1200 2417 et
1221 2352 1278 2418 in-

199 2454 355 2527 veniendi
374 2456 435 2522 viae
451 2468 488 2521 et
502 2451 681 2546 eloquendi
699 2450 841 2522 artificia
860 2453 1171 2526 demonstrarentur
1186 2461 1278 2531 etad

198 2565 453 2660 intelligendum
467 2563 556 2632 etad
571 2562 770 2631 imitandum
784 2563 933 2658 planius3
944 2565 1063 2633 deinde
1077 2568 1277 2640 historicum

199 2678 344 2772 aliquem
359 2674 498 2758 librum,
514 2686 551 2740 ut
565 2675 730 2758 Sallustii,
748 2676 848 2759 Lr'rr'r',
861 2678 1024 2760 Suetonii,
1041 2675 1186 2771 denique
1202 2681 1278 2774 phi-

197 2787 427 2881 losophicum,
448 2785 623 2852 Ciceronis
638 2783 707 2850 fere
726 2782 766 2850 de
785 2783 898 2852 officio
915 2785 1132 2877 opusculum,
1151 2791 1277 2883 quibus

198 2891 459 2990 interpretandis
478 2892 644 2961 scribendi
660 2918 764 2985 genus
782 2894 980 2963 historicum
998 2911 1030 2963 et
1045 2897 1275 2992 dogmaticum

198 3006 336 3102 proprie
360 3017 629 3096 cognosceretur.
652 3006 696 3070 Et
715 3004 750 3069 in
771 3003 882 3096 primo
901 3004 1038 3097 quidem
1060 3032 1182 3100 genere
1201 3010 1275 3104 ple·

197 3139 340 3209 rumque
374 3113 424 3180 usi
454 3135 569 3180 sumus
597 3113 825 3181 Ciceronianis
855 3115 1086 3202 orationihus,
1119 3119 1177 3188 sed
1209 3121 1276 3191 hoo

196 3227 347 3312 delectu,
377 3237 416 3290 ut
449 3224 535 3291 ratio
565 3223 747 3291 haberetur
778 3224 947 3317 praeoipua
982 3250 1118 3311 earum,
1151 3231 1276 3322 quibus

195 3333 423 3430 intelligendis
448 3333 548 3401 etiam
580 3358 692 3401 rerum
719 3336 868 3429 cognitio
899 3341 1086 3430 comparari
1116 3356 1230 3433 posset
1255 3367 1274 3410 a

195 3450 370 3541 studiosis,
394 3470 537 3539 quarum
564 3459 650 3511 esset
676 3445 710 3511 in
736 3444 810 3513 aliis
835 3446 1021 3540 disciplinis
1043 3475 1142 3538 usus,
1163 3451 1274 3546 inpri-

194 3565 325 3654 misque
352 3560 387 3625 in
408 3559 484 3650 jure
509 3571 621 3624 vetere
643 3582 806 3645 romano,
829 3559 863 3625 in
885 3561 1127 3654 cognoscendis
1146 3565 1276 3634 artibus

195 3669 388 3767 reipublicae
411 3691 556 3734 romanae
577 3691 660 3760 pace
683 3692 722 3737 ac
740 3668 849 3756 bello,
868 3670 959 3738 domi
980 3671 1145 3765 forisque,
1168 3675 1275 3743 admi·

195 3778 386 3850 nistrandae.
405 3782 523 3870 Itaque
544 3777 646 3845 etiam
668 3781 831 3849 Verrinas
849 3783 969 3875 saepius
988 3785 1115 3852 caeteris
1133 3810 1275 3855 enarra-

196 3894 320 3972 vimus,
337 3888 410 3981 ipso
426 3889 576 3955 semestri
594 3890 779 3982 superiori3
796 3891 919 3982 quibus
934 3889 1082 3983 legendis
1097 3908 1169 3963 tota
1185 3897 1274 3964 ratio

192 3998 436 4097 jurisdictionis
464 4022 628 4085 romanae,
656 4014 728 4067 tum
756 4000 908 4102 urbanae,
937 4015 1009 4068 tum
1037 4005 1273 4096 provincialis,

194 4113 361 4182 sociorum
384 4106 728 4201 provincialiumque,
746 4111 1004 4202 magistratuum
1026 4113 1061 4181 in
1080 4117 1163 4184 urbe
1185 4119 1273 4186 etin
