2648 4830
199 409 219 452 a
551 383 580 447 J.
607 382 647 447 A.
674 380 926 448 ERNESTII

198 507 319 591 verba,
340 519 400 573 aut
422 504 523 575 etiam
545 503 668 596 corrigi
691 501 862 571 deberent.
885 507 925 571 In
945 528 1013 596 quo
1032 529 1154 599 genere
1173 509 1274 578 etiam

197 617 263 685 hoc
280 617 386 685 facere
406 615 662 701 consuevimus,
681 627 720 682 ut
738 613 781 682 ad
799 615 1133 691 animadvertendum
1152 622 1274 689 excita-

197 753 309 796 remus
331 725 517 813 auditoreS,
535 748 605 792 non
624 724 726 792 modo
745 726 792 792 ita
813 749 848 792 re
867 724 1083 819 explicanda,
1098 743 1135 794 ut
1155 730 1219 821 ipsi
1238 732 1274 799 in

196 839 286 906 viam
309 834 495 929 reperiendi
519 834 786 923 deducerentur,
806 834 862 903 sed
883 835 982 903 etiam
1004 836 1274 908 demonstrandis

197 948 295 1032 locis,
307 972 381 1041 quar
395 947 513 1014 vitiosa
527 960 741 1040 putaremus,
755 961 792 1014 et·
802 946 874 1013 vitii
890 946 1022 1015 latentis
1033 961 1105 1014 tum
1118 950 1273 1018 animad-

195 1059 400 1144 versionem,
413 1072 485 1124 tunr
504 1055 747 1124 correctionem
765 1057 804 1124 iis
823 1055 1098 1150 relinqueremus.
1118 1062 1274 1148 Quaeres

196 1169 244 1235 ita
264 1168 350 1237 bane
372 1167 487 1253 cessit,
507 1181 631 1234 utnon
654 1191 749 1252 raro,
771 1167 881 1260 primo
904 1191 988 1235 verae
1010 1170 1234 1238 correctiones
1254 1196 1274 1238 a

196 1277 351 1372 pluribus
377 1278 507 1371 scripta
532 1277 630 1344 uobis
658 1275 887 1362 traderentur,
906 1291 982 1369 post
1010 1279 1111 1346 etiam
1140 1280 1273 1367 statim,

197 1413 302 1482 quum
319 1389 533 1481 jussissemus
548 1386 657 1455 dicere
674 1387 802 1481 palam,
822 1388 849 1454 si
869 1388 943 1479 quis
963 1387 1104 1474 videret,
1124 1389 1206 1480 quid
1225 1392 1272 1457 vi-

195 1501 319 1568 tiosum
334 1513 435 1586 esset,
448 1497 618 1591 quomodo
633 1498 758 1590 corrigi
773 1497 921 1585 deberet,
935 1497 1027 1590 quod
1041 1524 1157 1566 verum
1172 1516 1272 1589 esset,

195 1610 246 1677 vel
260 1610 379 1704 ipsein
394 1610 508 1676 animo
522 1608 695 1695 haberem,
708 1632 728 1675 a
741 1606 912 1676 nonnullis
931 1609 1134 1701 reperiretur
1148 1624 1180 1677 et
1193 1637 1270 1705 pro·

194 1723 421 1789 nunciaretur.

245 1835 323 1898 Haec
340 1855 359 1897 a
374 1829 473 1896 nobis
486 1827 552 1894 hoc
572 1827 644 1895 loco
660 1826 749 1895 dicta
765 1841 858 1912 sunt,
874 1851 941 1893 non
959 1842 1028 1895 tam
1047 1843 1084 1896 ut
1104 1831 1270 1899 rationem

196 1939 410 2008 redderemus
428 1939 662 2006 institutorum
683 1951 894 2024 nostrorum,
915 1952 973 2005 aut
992 1952 1029 2005 ut
1052 1938 1135 2007 alios
1153 1939 1197 2006 ad
1216 1960 1270 2007 eo·-

195 2074 272 2118 rum
298 2049 519 2116 imitationem
544 2072 757 2132 vocaremus3
783 2070 976 2140 quanquam
998 2047 1063 2115 hoc
1088 2073 1225 2142 quoque
1251 2074 1270 2117 a

195 2184 338 2253 persona
356 2173 470 2226 nostra
492 2182 561 2225 non
583 2157 728 2226 alienum
752 2157 857 2244 foret3
876 2157 932 2225 sed
944 2153 991 2225 'ut
1010 2157 1270 2258 intelligeretur,

196 2269 366 2362 quomodo
388 2284 467 2338 nata
485 2269 551 2336 sint
568 2291 623 2356 ea,
641 2293 713 2362 quta
732 2268 796 2336 hoc
814 2281 964 2362 tempore
982 2269 1128 2362 repetitae
1144 2269 1269 2338 Plinia-

196 2403 319 2445 norum
340 2380 541 2472 scriptorum
560 2377 698 2446 editioni
717 2379 929 2447 Gesnerianae
947 2377 1097 2446 addenda
1118 2380 1269 2471 permisi·

197 2513 291 2575 mus,
305 2514 409 2580 quum
432 2486 588 2556 librarius
607 2513 679 2554 eam
698 2488 820 2555 habere
840 2487 966 2580 aliquid
985 2488 1092 2555 nostri
1111 2503 1269 2581 cuperet,

152 2671 156 2677 ,
196 2598 293 2690 cujus
310 2599 410 2665 etiam
430 2599 539 2690 prima
555 2596 680 2690 aliquid
696 2597 875 2665 habuisset.
894 2598 1065 2664 Pertinent
1078 2611 1190 2665 autem
1203 2597 1270 2692 ple

197 2733 301 2802 raque
319 2707 369 2775 vel
388 2707 429 2774 ad
449 2732 582 2776 sensum
600 2709 799 2794 verborum,
812 2707 863 2775 vel
878 2707 919 2775 ad
934 2707 1201 2775 emendationem
1217 2734 1269 2778 eo·

196 2843 291 2904 rum,
309 2819 344 2884 in
363 2817 486 2910 quibus
505 2818 602 2884 nobis
622 2817 748 2911 aliquid
767 2819 872 2885 inesse
891 2818 962 2884 vitii
984 2817 1186 2886 videbatur:
1206 2819 1267 2888 ad·

197 2951 309 3021 spersa
321 2942 433 2994 tamen
447 2927 546 2993 etiam
561 2942 639 2994 sunt
649 2927 800 3019 quaedam
815 2926 857 2994 ad
873 2923 1125 3018 intelligentiam
1139 2951 1268 3014 rerum,

197 3037 344 3129 itemque
371 3034 601 3127 adjudicium
629 3038 814 3105 oratorium
841 3036 1052 3130 pertinentia.
1077 3040 1116 3103 In
1142 3038 1267 3131 quibus

162 3214 165 3220 ,
195 3146 354 3223 omnibus
379 3145 510 3238 siquid
535 3161 603 3233 est,
626 3148 660 3213 in
680 3173 747 3240 quo
771 3172 886 3215 verum
909 3146 1071 3233 vidimus,
1093 3161 1151 3214 aut
1175 3150 1268 3241 quod

196 3260 305 3325 Plinii
314 3256 493 3325 lectoribus
507 3256 661 3350 prodesse
680 3257 720 3324 ad
734 3256 985 3351 intelligendum
1001 3272 1034 3325 et
1043 3257 1266 3349 judicandum

196 3369 318 3461 possit,
337 3367 421 3434 bene
440 3390 501 3434 nos
519 3390 656 3459 operam
676 3391 812 3434 navasse
831 3367 1034 3460 putabimus.

232 3567 264 3613 N.
278 3568 308 3613 B.
320 3561 396 3613 Hanc
406 3571 529 3615 notarum
544 3570 675 3630 segetem,
689 3557 723 3611 de
736 3561 833 3630 quihus
847 3559 892 3612 hic
905 3560 987 3613 modo
1000 3560 1154 3623 Ernestius,
1165 3572 1190 3614 et
1201 3580 1265 3634 quas
1312 3634 1315 3639 Ι

196 3664 251 3696 uno
261 3644 389 3696 fasciculo
400 3644 523 3696 collectas
534 3643 675 3695 acervatim
687 3644 714 3694 in
725 3643 920 3714 prolegomenis
930 3654 1081 3714 seposuerat
1092 3642 1126 3695 G.
1137 3643 1172 3696 H.
1182 3645 1265 3698 scua·
1314 3656 1316 3661 '

196 3744 248 3778 rum
257 3764 264 3789 ,
274 3746 323 3778 nos
334 3728 435 3780 solvere
444 3726 611 3789 curavimus;
624 3737 649 3777 et
663 3725 780 3796 singulas
790 3746 839 3780 suo
852 3726 911 3780 loco
920 3727 1075 3797 rescriptas,
1085 3727 1263 3797 Epistolarnnt
1307 3738 1316 3803 .1ἐ

196 3821 221 3862 et
234 3810 387 3881 Panegyrici
397 3811 493 3864 Textui
504 3811 664 3882 subjecimus
674 3810 827 3883 diligenter,
837 3824 866 3864 ut
878 3815 964 3863 melior
973 3811 1117 3883 utiliorque
1128 3832 1208 3880 opera
1219 3828 1262 3867 na·
1309 3808 1316 3857 ²·

197 3909 296 3945 caretur
304 3893 460 3963 legentibus.

1072 3965 1210 4020 nnn
