2648 4830
458 345 487 410 J.
514 344 562 409 M.
592 341 837 409 GESNERI.
1100 370 1183 415 xxxi

116 465 328 552 viderentun
348 463 407 533 sed
427 461 502 536 illos
519 463 638 550 etiam,
654 464 690 531 in
708 464 830 557 quibus
849 462 1046 552 adhaesisse,
1066 490 1183 559 quam·

117 601 220 672 quem
238 574 397 651 facilibus.
412 587 446 643 et
460 575 583 667 apertis
601 588 717 642 nostro
729 572 877 666 judicio,
894 572 976 642 alios
994 575 1186 645 observabat·
1288 626 1296 642 t

118 713 204 765 mus.
224 685 380 779 Contigit
398 685 501 757 etiam
517 683 589 771 hic,
606 681 698 777 quod
715 708 823 777 nuper
844 684 881 751 in
896 683 1126 775 Quintiliano,
1148 702 1186 754 ut

119 795 262 877 dioenda
287 807 413 880 essent,
437 817 499 886 pro
526 792 673 863 instituti
691 793 851 862 nimirum
878 794 1021 882 ratione,
1041 819 1111 862 non
1128 821 1185 883 ea,

121 931 194 1000 quae
217 905 291 999 ipae
310 905 439 998 mimus
458 901 542 990 ¹vidi,
563 927 635 996 qua
657 904 769 972 nescio
787 927 888 996 quem
907 902 1012 972 multa
1029 905 1112 992 sint3
1129 906 1185 975 sed

120 1040 195 1110 qnae
218 1015 422 1098 necessaria,
440 1027 499 1085 aut
518 1011 693 1085 commoda
713 1025 801 1082 certe
823 1011 1016 1100 lectoribus,
1040 1011 1117 1084 licet
1134 1013 1184 1081 di·

123 1141 176 1199 cta
189 1125 235 1203 ab
248 1123 321 1204 aliis
335 1148 484 1218 qiioque,
497 1123 694 1193 arbitrabar.
710 1124 839 1192 Morem
855 1122 1011 1216 equidem
1028 1121 1124 1193 illum
1136 1139 1184 1196 te-

123 1236 199 1321 nui,
212 1233 300 1313 nibil
313 1248 352 1307 ut
365 1257 538 1326 ponerem,
548 1233 612 1301 nisi
622 1231 715 1325 quod
727 1234 776 1301 ita
784 1257 819 1301 se
829 1231 964 1320 habere,
974 1234 1056 1302 meis
1068 1233 1186 1321 oculis,

123 1371 198 1421 meo
219 1345 352 1430 animo,
372 1343 617 1437 cognovissem
634 1343 662 1411 si
684 1342 775 1435 quod
794 1343 966 1410 inventum
986 1368 1185 1412 commemo·

124 1468 199 1530 ratu
215 1452 358 1546 dignirm
369 1451 558 1538 videretur,
575 1452 703 1522 auctori
720 1476 780 1521 suo
796 1450 938 1520 libenter
951 1453 1187 1542 adscriberem,

126 1564 281 1641 Cestium
295 1563 476 1654 praesertim
491 1560 781 1653 Schwarziutnque
798 1559 988 1652 frequenter
1005 1560 1185 1632 laudarem.

173 1675 248 1747 Hoc
268 1670 371 1762 igitur
387 1669 550 1763 quidquid
568 1683 617 1738 est
638 1694 746 1763 operoe
766 1694 846 1740 rneae
868 1669 947 1756 tibi,
967 1668 1188 1740 illustrissime

128 1807 255 1865 comes,
280 1779 428 1855 dicatum
446 1804 514 1849 esse
534 1779 610 1857 volo
632 1804 671 1859 ea
692 1778 763 1871 lege
785 1794 883 1870 atque
911 1778 1120 1865 conditione,
1139 1781 1188 1847 uti

128 1891 306 1984 profitear,
324 1905 383 1963 tna
400 1889 500 1966 etiarn
517 1889 741 1973 humanitate,
764 1903 823 1959 tua
841 1887 1049 1980 indulgentia
1066 1889 1189 1959 excita·

132 2015 202 2076 tum
220 1999 363 2078 libenter
381 2013 537 2071 tractasse
558 1997 723 2085 Plinium,
743 1996 841 2090 quod.
851 2021 1103 2091 cognoscerem,
1122 2022 1192 2066 esse

129 2110 218 2203 apud
238 2125 271 2179 te
294 2111 328 2177 in
350 2109 478 2181 honore
499 2108 598 2176 hasce
619 2106 745 2194 literas,
761 2121 860 2199 teque
877 2107 1117 2199 sapientissima
1136 2131 1190 2175 ra-

131 2221 240 2305 tione,
259 2219 303 2307 ab
323 2218 460 2312 optimis
477 2217 649 2311 praeceptis
667 2232 700 2289 et
719 2233 784 2287 tuo⁴
796 2217 900 2310 ipsius
919 2215 1192 2286 excellentissimo

132 2331 265 2422 ingenio
276 2329 422 2422 profecta
430 2382 439 2416 ,
448 2327 620 2414 arbitrari,
632 2328 703 2413 vix,
713 2341 751 2396 ut
767 2351 819 2396 res
832 2341 910 2396 sunt
923 2326 1041 2411 hodie,
1054 2325 1193 2396 feliciter

133 2440 265 2515 tractari
279 2453 412 2507 caeteras
426 2436 584 2509 doctrinae
594 2453 704 2530 portes
722 2461 833 2530 posse,
848 2437 917 2505 nisi
927 2437 1002 2529 quis
1016 2436 1057 2504 ab
1071 2437 1192 2506 horum

132 2548 293 2618 librorum
303 2573 366 2617 usu
378 2547 716 2641 diligentijudicium,
725 2562 760 2616 et
767 2547 860 2640 quasi
870 2562 1006 2640 gustum
1016 2532 1193 2640 quemdam

133 2660 212 2742 reri,
220 2657 374 2751 pulchri,
384 2671 418 2727 et
428 2657 576 2744 honesti,
587 2656 677 2749 quod
690 2671 761 2725 tum
773 2657 808 2725 in
819 2656 980 2741 oratione,
994 2671 1066 2724 tum
1078 2657 1113 2724 in
1125 2656 1193 2724 vita

133 2781 164 2833 et
179 2765 422 2837 consuetudine
434 2765 610 2837 hominum
625 2765 845 2861 conspicitur,
862 2764 1022 2836 retulerit.

177 2879 336 2961 Exstant,
348 2890 381 2943 et
393 2900 453 2943 suo
467 2889 615 2968 ternpore
628 2875 977 2949 commemorabuntur
988 2875 1077 2969 apud
1090 2890 1194 2970 poste·

135 3011 185 3061 ros
199 2985 320 3072 etiam,
334 2983 519 3077 singularia
531 2984 631 3078 plane
646 2986 840 3057 excubantis
852 3006 914 3079 pro
929 3001 962 3054 te
974 2987 1193 3056 Providentiae

135 3093 251 3162 divinae
271 3117 430 3179 munera,
451 3118 524 3186 quae
543 3093 720 3163 orbitatem
743 3109 835 3165 tuam
855 3097 902 3163 ita
919 3095 1135 3188 gubernavit,
1156 3110 1194 3163 ut

136 3203 251 3274 merito
265 3202 491 3295 suspicemur,
505 3204 685 3296 praeparari
700 3219 733 3275 te
745 3203 960 3297 magnificum
973 3203 1060 3273 illius
1071 3207 1192 3273 iustru-

136 3327 288 3389 mentum·
300 3311 344 3380 ad
359 3311 497 3391 salutern
514 3327 547 3380 et
559 3312 749 3383 felicitatem
767 3312 988 3407 plurimorum
1004 3313 1193 3400 hominurn,

137 3435 204 3491 tum
222 3423 282 3515 qui
302 3423 339 3498 in
356 3436 414 3491 tua
430 3421 556 3493 ditione
574 3437 672 3510 sunt,
693 3438 765 3492 turn
783 3422 925 3493 aliorum
943 3446 1094 3516 quoque,
1114 3444 1193 3513 pro·
1217 3421 1218 3424 ’

135 3532 328 3607 curandam.
345 3533 423 3600 Non
444 3545 527 3624 puto
545 3557 655 3604 errare
674 3559 746 3619 me,
764 3535 791 3601 si
810 3534 897 3601 inter
915 3530 973 3601 illa
989 3555 1128 3598 munera
1143 3530 1194 3598 lo-

136 3663 209 3713 cum
230 3640 379 3709 tribuam
397 3664 466 3707 non
485 3655 690 3733 postremum
712 3640 777 3727 illi,
794 3640 885 3734 quod
903 3639 1059 3708 comitem
1081 3639 1142 3707 tibi
1163 3655 1197 3709 et

137 3749 364 3828 adolescentiae
373 3763 438 3817 tuae
451 3764 611 3825 rectorem
622 3750 810 3844 adsignavit
822 3748 1103 3820 consultissimum
1109 3753 1197 3845 juris
1293 3792 1295 3799 >

137 3873 167 3926 et
179 3859 289 3940 omnis
304 3860 474 3952 sapientiae
489 3861 744 3933 Risenbeclrium
762 3875 858 3929 tuum
868 3858 985 3952 ,cujus
1003 3887 1107 3954 quum
1124 3887 1198 3958 pru·

140 3967 281 4041 dentiam
295 3983 330 4036 et
342 3967 444 4038 fidem
458 3969 493 4036 in
507 3971 574 4038 suis
587 3969 783 4063 pignoribus
796 3971 965 4064 cognitam
979 3988 1197 4065 perspectam·

140 4102 201 4169 que
224 4077 363 4147 feliciter
392 4078 562 4147 habuisset
585 4079 826 4150 illustrissimus
852 4095 944 4149 tutor
971 4095 1048 4149 tuus
1078 4085 1197 4150 Henri·

145 4209 198 4253 cus
221 4189 340 4258 XXIV
363 4211 466 4281 quem
489 4203 567 4257 ante
590 4187 745 4280 laudavi,
770 4215 847 4260 eum
870 4191 932 4262 tibi
956 4189 1125 4281 adjunxit,
1144 4193 1199 4262 cui
1222 4238 1225 4247 ι
