2648 4830
179 383 209 452 J.
236 383 277 450 A.
304 379 515 451 ERNESTII
538 378 677 448 NOTAE
700 380 765 448 AD
790 380 993 450 PLINIUM.
1043 408 1126 455 xcix

54 505 252 604 provinciis,
264 503 389 574 civium
404 503 484 571 item
495 496 676 594 utrobique
688 502 785 596 jura,
795 505 952 598 cognosci
968 522 1124 598 possunt:

55 615 272 709 eamdemque
286 613 331 682 ob
348 637 497 683 caussam
515 611 683 681 interdum
703 611 755 680 vel
766 614 937 683 Ciceronis
953 614 1042 684 illam
1056 616 1126 686 cla·

56 752 122 797 ram
144 727 199 797 ad
217 728 384 816 Quantum
389 723 543 814 fratrem
561 720 754 815 epistolam,
777 721 819 791 de
844 725 1040 816 provinciali
1065 726 1124 794 ad-

56 836 318 922 ministratione,
328 832 381 903 vel
391 832 621 902 Plinianarum
632 832 755 901 librum
768 832 934 904 decimum
948 836 1125 929 explicavi3

57 947 88 1015 in
102 946 229 1041 quibus
243 946 330 1014 ratio
345 943 594 1038 provinciarum
610 942 672 1011 sub
687 943 875 1012 Caesaribus
893 944 1127 1015 administran-

57 1055 171 1125 darum
190 1052 309 1123 multis
324 1067 357 1122 et
375 1053 559 1148 perspicuis
573 1053 720 1147 vestigiis
734 1051 960 1148 exemplisque
974 1081 1129 1150 expressa

57 1181 116 1253 est,
134 1180 176 1235 ut
194 1190 215 1234 a
236 1163 396 1234 studiosis
416 1163 590 1256 utriusque
611 1161 804 1232 discrimina
825 1182 1126 1260 cognoscerentur:

12 1318 14 1351 ÷
59 1301 198 1371 quaeres
217 1275 374 1369 inprimis
396 1274 581 1342 necessaria
604 1288 670 1358 est,
689 1299 758 1341 non
777 1273 878 1343 modo
893 1276 979 1368 juris
997 1278 1128 1346 studio·

12 1370 14 1395 Ι
60 1387 110 1472 sis,
128 1385 188 1455 sed
211 1387 313 1454 etiam
338 1382 579 1476 interpretibus
604 1407 789 1477 graecorum
813 1385 901 1453 Novi
924 1385 1128 1459 Testamenti

61 1495 236 1584 librorum,
255 1519 318 1564 nec
334 1495 445 1562 minus
463 1494 520 1578 iis,
540 1495 598 1587 qui
613 1494 789 1562 historiam
808 1509 955 1564 veterem
973 1500 1130 1571 Ecclesia»

63 1621 209 1677 accurate
231 1629 433 1701 cognoscere
453 1606 605 1698 cupiunt.
617 1605 728 1696 Atque
747 1628 786 1671 ea
807 1627 859 1671 res
878 1606 1021 1697 primam
1041 1609 1129 1681 hanc

63 1717 120 1787 rim
140 1716 284 1803 habuit,
299 1729 338 1783 ut
357 1712 569 1782 allicerentur
586 1714 694 1806 magis
709 1713 850 1804 juvenes
867 1714 910 1781 ad
925 1713 998 1783 illas
1016 1716 1129 1788 lectio-

65 1851 114 1895 nes
138 1823 339 1911 audiendas,
365 1824 546 1917 praesertim
577 1848 618 1891 ex
647 1847 687 1890 eo
718 1847 878 1908 numero,
903 1826 961 1917 qui
992 1828 1026 1894 in
1056 1828 1128 1898 aliis

66 1936 235 2005 academiis
254 1935 318 2002 ista
336 1933 537 2018 contemnit,
554 1931 644 2024 quod
662 1930 836 1999 audiendis
854 1931 1034 2003 latinorum
1051 1940 1129 2007 scri·

66 2060 192 2141 ptorum
211 2041 453 2138 interpretibus
471 2040 554 2110 nihil
573 2067 607 2110 se
626 2056 747 2135 praeter
765 2041 924 2112 formulas
946 2048 1127 2118 verborum

67 2153 193 2245 latinas,
211 2171 272 2225 aut
285 2154 465 2224 sententias
480 2152 581 2221 bellas
597 2152 722 2221 discere
742 2176 838 2245 posse
856 2168 969 2247 putat,
983 2182 1129 2249 quarum

67 2267 118 2336 sibi
138 2280 201 2336 aut
222 2263 336 2335 nullus
360 2277 420 2332 aut
444 2286 565 2356 parvus
586 2286 665 2330 usus
686 2261 819 2330 futurus
842 2263 901 2351 sit,
921 2288 1060 2359 eamque
1083 2269 1127 2337 ob

68 2399 208 2447 caussam
229 2374 271 2443 iis
295 2372 453 2466 relinquit
472 2372 631 2441 lectiones
652 2374 687 2441 in
706 2373 884 2467 scriptores
903 2389 1030 2445 veteres
1049 2378 1127 2447 lati·

67 2509 135 2575 nos,
154 2485 216 2581 qui
242 2481 434 2553 scholarum
460 2481 641 2551 latinarum
663 2482 813 2576 magistri
834 2482 939 2551 futuri
959 2487 1035 2556 sint.
1056 2491 1129 2559 Nec

67 2593 149 2666 illum
174 2619 320 2690 parvum
341 2594 488 2662 fructum
509 2593 719 2686 judicamus,
739 2591 829 2685 quod
849 2594 939 2688 apud
961 2621 1021 2665 nos
1044 2624 1128 2668 sem·

66 2704 281 2798 perfuerunt
305 2701 516 2797 plures,qui
538 2704 624 2795 juris
649 2727 740 2789 eam,
765 2727 866 2795 quam
891 2705 1128 2800 elegantiorem

65 2814 157 2912 vulgo
172 2826 313 2900 vocant,
330 2812 501 2881 scientiam
517 2828 681 2899 amarent,
697 2826 730 2880 et
749 2825 918 2901 tenerent,
934 2840 997 2885 nec
1014 2819 1129 2908 modo,

65 2939 96 2994 ut
111 2923 193 2995 alibi
211 2921 269 3007 fit,
287 2919 352 2989 lori
371 2946 469 2990 usum
489 2923 523 2990 in
542 2921 699 2991 discendo
712 2922 789 3015 jure
806 2941 1035 3018 sequerentur.
1047 2928 1128 3018 Sed,

64 3049 96 3104 ut
112 3034 154 3104 ad
174 3033 332 3102 instituta
350 3047 465 3101 nostra
484 3031 671 3115 redeamus,
686 3033 719 3098 in
742 3048 837 3126 parte
858 3032 945 3103 illius
964 3039 1057 3128 quasi
1076 3063 1130 3107 or·

9 3156 11 3215 i
61 3143 107 3221 bis
125 3144 268 3213 oratorii
286 3165 342 3229 ea,
360 3166 434 3235 quae
447 3142 557 3235 prima
575 3166 595 3209 a
614 3141 710 3210 nobis
726 3160 984 3213 commemorata
1003 3162 1065 3232 est,
1079 3150 1130 3217 bis

9 3252 12 3287 ³
62 3253 251 3324 Plinianum
265 3253 509 3347 Panegyricum
524 3253 781 3345 proposuimus,
799 3270 870 3324 tum
890 3281 927 3324 ea
942 3256 982 3325 de
997 3283 1128 3348 caussa,

61 3378 96 3432 ut
107 3377 180 3432 tota
196 3363 283 3431 ratio
302 3361 435 3455 imperii
451 3387 471 3430 a
487 3363 674 3432 Caesaribus
690 3363 913 3434 administrati
927 3367 1129 3460 intelligere-

60 3486 131 3558 tur,
147 3486 222 3540 tum
241 3485 280 3539 ut
293 3469 414 3538 modus
429 3470 607 3539 hominnm
620 3487 697 3566 apte
710 3470 971 3560 laudandorum,
981 3478 1130 3568 primum

58 3605 116 3677 per
134 3579 305 3650 delectum
323 3579 495 3648 actionum
513 3595 791 3676 eventorumque,
813 3582 932 3650 deinde
956 3588 1131 3682 utriusque

59 3692 189 3785 generis
208 3714 269 3785 per
293 3688 385 3758 locos
402 3714 596 3760 communes
614 3693 859 3784 sententiasque
878 3697 1130 3769 exornationem

58 3813 327 3895 cognosceretur.
347 3801 394 3869 Ea
412 3815 525 3868 autem
544 3804 658 3870 omnia
676 3827 781 3894 quum
800 3803 919 3896 saepius
939 3829 977 3873 ac
995 3808 1131 3904 diligen·

57 3910 123 3981 tius
139 3925 381 3997 tractaremus,
399 3911 672 4005 exigeremusque
689 3914 801 3979 omnia
817 3911 860 3980 ad
877 3913 1065 4011 analogiam
1084 3947 1131 3991 re·

57 4046 133 4091 rum
152 4037 187 4091 et
203 4023 403 4110 verborum,
422 4023 484 4090 risi
508 4025 605 4092 nobis
624 4048 739 4092 sumus
760 4023 900 4093 subinde
921 4027 1130 4100 animadver-

58 4144 144 4219 tere,
168 4133 229 4202 ubi
252 4148 311 4204 aut
338 4131 457 4220 aliter,
480 4158 582 4226 quam
608 4148 686 4204 ante
714 4133 840 4205 factum
862 4150 962 4221 esset,
991 4137 1131 4234 intelligi

951 4245 984 4310 D
