2648 4830
125 336 190 380 viu
522 260 798 383 PRAEFATIO.

125 468 236 539 modo
262 483 298 539 et
323 467 497 539 obscuros
523 483 738 565 spectarent.
770 473 899 565 Operae
930 470 1088 565 pretium
1116 495 1193 541 esse

126 593 294 663 duximus
312 593 382 664 hoc
396 593 522 681 vitium
543 593 687 681 tollere,
712 608 748 664 et
766 593 902 690 aliquid>
912 592 1069 667 breviter
1085 594 1194 665 disse·

124 742 204 787 rere
225 717 270 786 de
293 713 463 786 omnibus
476 717 560 786 viris
576 730 637 786 aut
651 716 810 801 leminis,
831 702 900 814 qui¹
917 717 1014 813 apud
1037 718 1193 788 Plinium

123 853 386 921 memorantur,
400 840 442 909 iis
457 818 598 910 ta'ntum
610 842 766 928 omissis,
785 839 974 937 dequibus
988 841 1078 909 nihil
1094 843 1194 938 apud

123 988 261 1036 coaevos
280 979 445 1035 auctores
461 979 664 1061 supererat,
684 991 751 1036 nec
768 980 894 1036 nostro
912 968 1118 1063 proposito,
1136 967 1191 1035 lo-

122 1113 250 1159 corum
269 1091 451 1178 omnium,
470 1089 634 1177 urbium,
653 1089 865 1177 fluminum,
885 1104 951 1162 etc.
972 1115 1053 1187 quae
1072 1092 1109 1159 in
1128 1095 1192 1160 Se-

122 1211 247 1282 cundo
274 1228 489 1302 occurrunt,
516 1215 738 1285 mentionem
765 1212 898 1283 habere
926 1213 1084 1283 alienum
1114 1239 1191 1285 esse

122 1335 337 1404 censuimus.

169 1462 224 1528 De
242 1460 327 1544 vita,
342 1458 527 1557 moribus,
539 1461 751 1555 scriptisque
766 1459 870 1529 Plinii
885 1482 1192 1556 supervacaneum

111 1580 227 1650 'nobis
238 1580 297 1651 hic
307 1581 492 1679 disputare
504 1584 619 1652 visum
631 1597 695 1671 est,
709 1606 823 1678 quum
833 1587 1000 1652 Scnnrra
1010 1583 1048 1651 in
1060 1582 1190 1679 praefa-

119 1705 240 1792 tione,
254 1707 439 1776 Ernestius
457 1707 495 1774 iu
516 1706 666 1802 epistola
683 1720 718 1776 ct
736 1706 849 1794 notis,
868 1705 1043 1776 Cellarius
1061 1707 1099 1775 in
1116 1709 1189 1776 vita

118 1828 242 1916 Plinii,
266 1852 356 1923 quas
377 1825 566 1919 inlracum
586 1830 801 1899 testimoniis
817 1827 862 1899 de
881 1843 1006 1898 nostro
1021 1844 1190 1918 auctore,

119 1949 296 2020 edidimus
304 1950 507 2046 eleganter
516 1965 552 2020 et
562 1975 710 2048 copiose
719 1951 1002 2022 hancmaterram
1012 1964 1189 2022 tractave

60 2071 63 2077 ’
117 2075 198 2142 rint.
187 2055 421 2197 L'aptpr'e'm'
413 2066 523 2181 iginii
531 2073 667 2188 adgllos
677 2075 893 2145 remittimus
907 2089 949 2145 et
959 2074 1189 2145 admonitum

119 2167 399 2312 essevolumus,
409 2192 555 2309 pihss'
517 2197 584 2312 np‘s
591 2182 820 2269 intentatum
833 2197 1036 2292 reliquisse,
1051 2211 1092 2266 ut
1110 2197 1190 2268 haec

117 2335 241 2390 nostra
259 2295 370 2395 editio
386 2285 565 2416 qitidquid
584 2323 760 2417 optimum
779 2319 917 2390 editum
934 2332 987 2389 est
1004 2344 1023 2388 a
1045 2318 1190 2389 Gallicis

118 2448 350 2544 externutpte
358 2436 627 2556 interpretibus
644 2444 964 2540 complecteretur,
979 2443 1186 2538 caeterisque

117 2582 251 2636 nostrae
259 2533 506 2653 Collectioiris
518 2564 768 2659 ‘voluminibus
783 2566 893 2662 digna
915 2564 1110 2635 accederet.
1131 2565 1188 2634 Ad

107 2689 218 2786 'quod
234 2689 476 2785 praestandum
490 2686 640 2759 mirifice
626 2689 802 2783 juvitP.
816 2692 855 2759 T.
875 2687 1155 2773 Guuuaaaaur,
1147 2712 1186 2755 ιιι

118 2810 353 2902 celeberrimo
375 2813 591 2899 Parisiorum
611 2811 845 2906 Gymnasi01,
860 2811 1061 2890 Literarum
1085 2812 1186 2878 Grae-

30 2960 34 2978 ·
117 2960 241 3006 carum
260 2933 460 3020 Proless0r3
480 2948 516 3004 ct
535 2932 673 3004 Scholae
689 2933 783 3006 illius
802 2933 980 3004 Normalis
1001 2931 1200 3019 alumnus,

117 3084 160 3129 ex
175 3082 246 3153 qua
264 3058 362 3130 velut
379 3082 398 3127 e
416 3059 607 3128 seminario
625 3055 784 3152 quodam
802 3053 1021 3125 fertilissimo
1040 3069 1186 3124 exortos

116 3180 163 3251 ad
185 3205 290 3250 suum
305 3180 415 3251 decus
436 3194 472 3254 et
493 3179 667 3254 auxilium
690 3193 744 3250 tot
763 3176 975 3253 clarissimos
996 3179 1186 3275 magistros

117 3306 329 3375 universitas
349 3303 484 3375 Gallica
499 3302 598 3373 fovet
616 3316 651 3373 et
672 3301 740 3372 sibi
760 3301 969 3398 gratulatur.

164 3434 208 3502 N.
223 3435 260 3501 B.
283 3433 385 3502 Notae
400 3451 490 3523 quas
503 3417 705 3503 addidimus
719 3426 954 3522 designantur
971 3424 1026 3494 his
1042 3422 1186 3494 duabus

111 3551 239 3645 literis.
260 3555 326 3622 En.
546 3613 550 3622 .
943 3551 985 3619 N.
1006 3551 1045 3616 E.
1068 3551 1109 3618 L.

159 3757 169 3781 ¹
185 3744 351 3801 Institutiou
371 3744 407 3802 de
426 3749 465 3802 M.
481 3745 606 3815 Massia,
627 3727 749 3801 docteur
769 3744 799 3800 es
815 3745 929 3812 lettres,
943 3753 972 3797 et
989 3739 1135 3797 chevalier
1147 3739 1184 3799 dc

119 3842 322 3915 Saint-Louis,
336 3861 389 3901 mc
404 3843 454 3899 des
469 3843 618 3914 Minimes,
633 3861 670 3900 au
681 3841 797 3899 Marais.

384 4038 393 4043 .
403 4023 932 4058 ww..
