2648 4830
116 377 140 419 x
512 350 785 420 PRAEFATIO
844 351 853 369 ‘

117 501 206 573 nino
223 500 406 570 Ernestius
424 511 561 586 noster,
582 498 732 595 perinde
753 514 862 595 atque
885 500 975 570 alter
994 499 1073 587 ille,
1094 505 1185 574 Livii

117 622 246 711 editor,
271 646 291 727 a
311 621 433 690 critica
458 621 674 717 scriptorum
697 636 864 692 veterum
893 625 1109 696 tractatione
1131 628 1185 696 vi-

117 743 223 815 detur
235 741 344 813 fuisse
360 741 485 838 paullo
499 743 659 813 alienior.
677 748 801 842 Longe
819 744 955 838 majore
971 769 1056 815 cura
1071 747 1186 818 inten-

116 867 271 960 tiorique
284 862 403 934 studio
413 866 750 962 interpretationem
760 865 863 935 Plinii
873 867 1083 964 complexus
1092 885 1186 956 erat,

116 1003 175 1076 ut,
188 989 217 1057 si
231 1012 312 1083 quae
327 1012 347 1057 a
362 992 524 1058 Gesnero
534 990 573 1057 in
588 987 655 1058 hac
668 990 786 1084 operis
800 1004 920 1086 parte,
939 1015 1013 1087 qua
1029 991 1185 1063 maxime

116 1125 312 1182 censentur
344 1109 521 1182 editiones
550 1113 793 1199 Gesnerianae,
821 1115 952 1184 omissa
977 1129 1115 1201 essent,
1143 1107 1211 1186 e'a'

115 1237 246 1334 partim
262 1261 306 1306 ex
320 1238 475 1332 propriis
492 1235 667 1308 thesauris
685 1254 898 1335 exprompta
915 1238 1081 1328 adderet,
1100 1264 1185 1337 par-

116 1360 181 1428 tim
193 1382 236 1428 ex
246 1359 506 1446 recentiorum,
518 1360 682 1456 inprimis
696 1360 861 1457 Gierigii,
874 1359 972 1430 libris
986 1361 1186 1458 prudenter

116 1480 272 1552 delibata
290 1495 480 1578 repeteret.
499 1489 623 1576 Itaque
643 1484 799 1554 Ernestii
815 1499 927 1570 notae,
948 1498 989 1554 ut
1012 1486 1119 1555 crisin
1139 1485 1185 1556 de

115 1619 219 1676 textu
237 1607 491 1677 constituendo
510 1631 586 1676 non
605 1632 754 1704 prorsus
772 1608 972 1705 negligant,
991 1610 1185 1680 maximam

116 1744 255 1826 partem
270 1731 442 1827 exegetici
452 1733 655 1828 argumenti
667 1745 768 1802 sunt:
781 1747 948 1802 caeterum
962 1748 998 1804 et
1009 1732 1185 1805 brevitate

117 1851 441 1939 commendabiles,
462 1867 497 1923 et
517 1878 604 1924 vero
627 1855 733 1924 etiarn
756 1851 1019 1952 perspicuitate.
1043 1857 1186 1926 Minore

117 1977 308 2073 religione,
326 2002 436 2073 quarn
455 1980 492 2046 in
513 1993 613 2048 textu
632 1978 837 2066 reddendo,
857 1979 896 2048 in
917 1980 1012 2047 notis
1033 1981 1188 2050 Gesneri

118 2097 330 2169 exhibendis
343 2114 548 2171 versaturus
558 2115 643 2172 erat.
655 2103 729 2171 Etsi
738 2103 835 2171 enim
844 2100 1050 2196 longissime
1061 2099 1187 2170 aberat

119 2247 138 2292 a
153 2223 294 2293 ratione
305 2248 432 2320 parum
443 2223 630 2322 probanda
641 2225 850 2320 eorum,qui
860 2224 898 2293 in
913 2238 1075 2294 veterum
1087 2223 1186 2295 libris

119 2346 268 2417 edendis
290 2349 453 2445 priorum
482 2363 586 2419 notas
611 2347 791 2419 editorum
811 2371 894 2418 cum
922 2348 994 2416 suis
1017 2347 1066 2415 ita
1085 2370 1186 2415 com-

118 2473 269 2541 miscent
286 2486 322 2542 et
344 2471 592 2560 confundunt,
608 2486 668 2555 ut,
683 2497 792 2568 quem
815 2470 975 2568 quidque
999 2484 1186 2539 auctorem

119 2592 267 2680 habeat,
285 2593 392 2690 plane
410 2595 570 2690 ignores,
593 2595 631 2665 in
655 2595 805 2666 Gesneri
826 2609 945 2664 tamen
967 2605 1186 2661 commenta·

118 2720 213 2787 rium
230 2717 352 2813 paullo
369 2719 451 2815 plus
466 2717 533 2787 sibi
545 2733 762 2815 sumpserat,
773 2710 882 2814 quarn
899 2715 944 2788 ab
959 2715 1109 2786 homine
1123 2738 1186 2784 cae·

120 2840 265 2935 teroqui
281 2853 353 2909 tam
368 2840 629 2936 circumspecto
642 2838 744 2911 facile
759 2852 1011 2935 exspectasses.
1029 2837 1139 2933 Quod
1159 2836 1188 2906 si

120 2963 196 3033 haec
210 2962 321 3033 editio
335 2962 380 3033 ab
394 2965 473 3060 ipso
488 2966 653 3035 Ernestio
665 2963 829 3060 evulgata
842 2977 950 3050 esset,
967 2961 1188 3031 Gesneriana

119 3083 337 3155 haberemus
356 3085 415 3156 hic
431 3101 540 3182 atque
558 3085 630 3156 illic
647 3088 694 3155 ita
713 3085 770 3156 vel
787 3083 911 3155 relicta
927 3083 984 3154 vel
1003 3095 1188 3153 contracta

121 3208 287 3304 adeoque
304 3223 483 3296 truncata,
506 3223 564 3292 ut,
583 3210 612 3277 si
627 3208 690 3302 qui
706 3209 887 3302 integrum
905 3212 1108 3275 Gesnerum
1126 3230 1186 3276 co·

109 3314 294 3429 'gnoscere
326 3345 516 3427 cuperent,
554 3329 599 3400 ad
623 3330 761 3426 priores
795 3328 971 3398 editiones
1002 3352 1187 3398 recurrere

123 3469 349 3554 cogerentur.

171 3586 254 3650 Haec
280 3577 393 3650 habui
418 3601 497 3673 quae
519 3577 564 3646 de
590 3575 743 3645 Ernestii
770 3574 937 3646 instituto
958 3571 1136 3671 praefarer.
1159 3578 1187 3643 Α

123 3727 199 3799 quo
218 3728 333 3797 quum
355 3726 478 3774 meum
501 3699 669 3770 nonnihil
690 3699 884 3797 discrepet,
905 3721 1015 3792 quam
1034 3721 1102 3792 ego
1120 3699 1188 3764 mi-

124 3828 238 3896 himet
256 3826 372 3922 legem
389 3826 611 3924 scripserim,
630 3825 790 3894 breviter
810 3818 1011 3891 ostendam.

176 3953 298 4040 Quum
323 3951 479 4045 primum
503 3952 541 4019 in
566 3948 720 4019 Ern'estii
744 3947 838 4015 vices
863 3942 1036 4013 suffectus
1057 3966 1189 4027 essem,

127 4078 306 4168 integrum
327 4073 414 4142 mihi
435 4071 560 4142 datum
577 4085 648 4156 est,
663 4083 703 4138 ut
724 4093 853 4136 novam
874 4068 976 4137 Plinii
994 4066 1189 4136 editionem
