2648 4830
428 353 549 424 VITA
574 354 757 423 PLINII.
1054 379 1126 426 nvn

53 490 101 557 cui
117 490 205 553 urbe
215 485 374 552 excedere
385 486 493 572 jusso,
512 508 584 573 quae
596 484 775 550 Domitiani
794 483 912 549 saevitia
926 483 1007 568 fuit,
1025 508 1128 574 pecu·

51 599 151 676 niam,
166 617 235 683 qua
250 612 336 680 opus
353 605 438 671 erat,
456 614 476 654 a
488 590 710 680 locupletibus
728 578 896 680 negatam,
916 591 984 678 ipse
999 607 1129 656 mutua·

50 715 117 779 tus,
135 697 310 787 grattritam
323 692 430 776 dedit,
448 693 515 774 lll,
535 717 591 776 ιι,
607 715 647 769 2,
663 694 698 756 in
710 692 906 776 Quintiliani
922 694 1129 781 praeceptoris

51 800 169 884 filiam,
185 801 283 886 cujus
297 799 407 863 dotem
425 797 515 861 auxit
525 799 569 863 Vl
578 846 588 878 ,
608 797 669 882 32,
689 798 724 861 in
741 797 931 877 Corelliam,
946 799 1000 862 cui
1014 821 1129 888 agrum

50 908 174 974 minori
195 905 303 994 pretio
326 901 473 968 vendidit
486 903 569 977 Vll,
591 925 647 982 11,
673 917 707 966 et
726 907 783 985 14,
810 903 844 964 in
863 903 1049 987 Caluinam,
1074 904 1130 968 cui

52 1014 154 1102 patris
172 1011 284 1075 debita
301 1007 428 1074 remisit
447 1007 497 1088 ll,
520 1010 561 1089 4,
588 1030 606 1070 2
625 1007 704 1095 (32).
726 1009 785 1072 His
805 1009 950 1072 moribus
967 1006 1036 1096 (33)
1056 1030 1129 1074 om·

53 1123 147 1184 nium
163 1120 333 1184 bonorum
355 1114 612 1179 benevolentiam
631 1115 820 1179 conciliavit
837 1113 925 1203 (34),
945 1115 1076 1203 Trajani
1094 1117 1129 1180 in

55 1226 192 1316 primis,
211 1222 301 1312 apud
318 1245 418 1310 quem
431 1221 532 1311 gratia
545 1222 647 1284 valuit
661 1220 751 1309 (35),
771 1244 834 1308 qua
852 1219 893 1285 ad
907 1220 1046 1286 aliorum
1062 1245 1130 1287 ma·

54 1326 100 1422 gis
112 1329 305 1410 commoda,
319 1352 418 1417 quam
430 1327 472 1392 ad
484 1350 542 1392 sua
555 1349 632 1392 usus
644 1343 692 1392 est
703 1325 784 1416 (36).
798 1324 902 1391 Multa
917 1328 1004 1391 enim
1019 1329 1129 1394 multis

54 1438 259 1528 impetravit,
279 1435 458 1523 peregrinis
470 1437 523 1522 jus
542 1435 678 1498 civitatis
692 1435 744 1515 X,
765 1439 804 1513 4,
825 1450 857 1498 et
876 1435 916 1515 63
936 1434 1061 1498 libertis
1077 1436 1129 1520 jus

56 1546 237 1630 Quiritium
258 1545 310 1626 X,
336 1543 535 1624 4,et105;
559 1541 707 1605 Voconio
732 1541 880 1605 Romano
904 1540 1130 1630 condiscipulo

54 1654 107 1740 jus
125 1653 226 1719 trium
248 1651 429 1714 liberorum
448 1649 497 1725 II,
525 1647 582 1730 13,
609 1648 650 1729 8,
676 1665 708 1711 et
726 1648 918 1712 senatoriam
938 1647 1130 1736 dignitatem

56 1760 109 1839 X,
128 1759 168 1839 3,
189 1781 226 1839 23
244 1756 345 1821 Accio
365 1755 454 1818 Surae
469 1771 640 1844 praeturam
657 1755 705 1834 X,
727 1779 764 1840 7,
785 1771 817 1818 et
835 1753 904 1818 aliis
918 1753 988 1816 alia.
1005 1753 1130 1816 Amici·
1200 1784 1206 1794 ·

57 1866 137 1928 tiam
156 1887 233 1928 cum
252 1863 380 1950 optimo
406 1883 537 1947 quoque
556 1859 656 1924 coluit
678 1858 765 1947 (37),
789 1861 885 1924 etiam
903 1857 1051 1947 periculo
1070 1879 1130 1922 suo

58 1971 126 2051 Ill,
145 1993 201 2049 11,
217 1993 256 2050 2,
275 1991 321 2055 sq.
337 1966 421 2054 (38),
435 1967 574 2030 maxime
590 1989 666 2029 cum
685 1966 815 2030 literatis
829 1983 860 2030 et
875 1963 1059 2029 studiorum
1076 1985 1131 2027 so·

59 2077 134 2158 ciis,
149 2074 316 2162 inquibus
329 2072 478 2136 Tacitum
494 2073 600 2160 primo
615 2074 706 2153 loco,
721 2088 753 2135 et
764 2094 868 2160 prope
882 2094 986 2134 unum
999 2070 1131 2149 habuit,

60 2204 159 2271 quem
179 2203 197 2244 e
214 2179 294 2245 vivis
317 2179 537 2260 aemularetur,
568 2177 659 2266 quod
677 2178 787 2266 paullo
806 2180 909 2264 major
931 2193 1020 2240 aetate
1042 2191 1129 2251 erat,
1163 2236 1169 2252 ,

58 2287 140 2370 v11,
159 2309 219 2366 20,
240 2291 281 2366 4,
299 2309 398 2372 quem
415 2285 511 2349 etiam
531 2286 680 2374 ingenio,
701 2284 863 2366 doctrina,
887 2282 1066 2348 honoribus
1083 2298 1131 2347 est

60 2409 269 2480 assequutus;
296 2391 389 2477 isque
405 2391 546 2454 vicissim
573 2391 655 2453 tanti
681 2390 825 2454 Plinium
844 2389 938 2471 feeit,
965 2404 1003 2451 ut
1026 2387 1130 2452 libros

60 2504 135 2562 sitos
147 2495 370 2561 emendandos
385 2494 414 2558 ei
427 2494 573 2559 crederet
586 2495 664 2575 Vll,
680 2518 739 2577 20,
756 2518 781 2558 1.
800 2495 844 2557 Hi
860 2492 1024 2557 duumviri
1037 2494 1129 2582 prin·

62 2604 203 2692 cipetum
223 2603 257 2665 in
277 2602 376 2666 literis
395 2618 548 2680 tenuere,
569 2618 605 2665 ut
617 2625 683 2664 una
696 2603 954 2682 nominarentur,
969 2623 1071 2687 quum
1090 2598 1131 2664 de

62 2709 178 2773 studiis
196 2731 304 2772 sermo
318 2723 399 2772 esset
413 2707 493 2787 Vll,
513 2730 572 2787 ao,
592 2707 629 2787 5,
649 2709 683 2770 iu
701 2708 762 2771 hos
779 2709 968 2795 conjectura
986 2707 1131 2770 ferretur
1163 2714 1168 2727 ¹

62 2817 87 2878 si
106 2816 147 2880 de
162 2816 264 2880 doctis
283 2836 351 2878 non
370 2813 545 2878 nominatis
565 2831 646 2878 esset
664 2814 797 2879 ferenda
816 2815 882 2895 IX,
904 2813 957 2893 23,
979 2813 1010 2877 3.
1030 2812 1131 2875 Caete·

95 2979 150 3046 (32)
166 2977 199 3028 In
216 2975 348 3028 Metilium
366 2975 507 3046 Crispum,
526 2975 570 3027 cui
619 2946 786 3047 imperaloris
806 2995 912 3048 quoque
929 2974 1017 3045 gloriar
1031 2992 1059 3026 se
1075 2985 1129 3026 stu·

64 3055 168 3109 ordines
176 3056 404 3127 impetraverat,et
412 3053 571 3126 quadragin-
618 3055 723 3109 diosum
736 3055 851 3107 ostendit
862 3055 1004 3125 praesertim
1014 3055 1049 3117 X,
1062 3054 1105 3106 50,

64 3148 89 3188 ta
100 3135 182 3187 millia
197 3153 337 3187 nummum
352 3133 569 3204 (nooofldlhen.)
654 3138 709 3204 (34)
720 3137 819 3200 Quanti
833 3136 908 3187 illum
922 3135 1053 3186 Corellius
1064 3135 1132 3188 fece·

66 3215 97 3268 ad
113 3213 299 3267 instruendum
323 3232 350 3265 so
368 3211 571 3282 ornandumque
620 3213 671 3277 rit,
686 3214 799 3286 explicat
815 3214 865 3277 IV,
883 3232 925 3283 17,
943 3220 956 3264 8
976 3231 982 3264 :
998 3232 1070 3280 esse,
1084 3215 1131 3286 qui

66 3294 264 3356 donaveratVI,
275 3293 319 3356 25,
332 3313 344 3345 a
356 3310 363 3344 :
373 3293 400 3344 in
409 3291 571 3353 Modestum,
620 3312 648 3346 se
660 3293 812 3356 imitentur,
824 3292 922 3364 gaudet
933 3292 985 3354 VI,
1001 3312 1043 3346 11.

67 3375 106 3427 oui
120 3374 267 3426 libertatem
281 3373 362 3425 dubie
377 3372 489 3442 legatam
503 3372 572 3423 ultro
656 3373 711 3441 (35)
723 3374 776 3437 Qui
786 3373 873 3443 ipsum
884 3373 912 3424 in
926 3373 1066 3424 consilium
1076 3390 1132 3424 non

68 3452 135 3505 dedit
148 3454 199 3514 IV,
218 3471 248 3504 ro
263 3469 270 3503 z
288 3451 315 3503 in
329 3450 461 3503 nutricem
480 3469 572 3513 suam,
621 3470 760 3522 nunquam
778 3451 901 3504 adhibuit
927 3453 954 3502 in
978 3450 1134 3521 cognitioni·

68 3531 107 3584 oui
122 3532 237 3604 agellum
249 3541 356 3584 centum
368 3530 480 3582 millium
498 3547 574 3579 num·
622 3532 691 3594 bus;
706 3551 734 3582 v.
748 3551 774 3601 g.
789 3533 840 3592 IV,
855 3550 903 3592 aa,
920 3549 948 3592 1,
964 3539 988 3581 et
1002 3529 1029 3580 in
1040 3531 1133 3582 rescri-

69 3628 136 3662 mum
149 3612 233 3679 (5000
244 3609 338 3662 floren.
351 3609 450 3675 Rhea.)
465 3606 574 3660 donarit
622 3610 674 3680 ptis
686 3611 754 3673 suis,
765 3609 832 3661 libro
842 3607 946 3660 decimo
957 3607 1133 3680 comprehen-

71 3689 155 3753 vm.
623 3690 673 3751 sis,
688 3699 782 3741 tractat
791 3687 980 3740 amantissime.

100 3769 154 3838 (33)
162 3769 238 3833 Quos
252 3767 341 3838 gloriae
355 3764 442 3818 studio
453 3763 573 3818 incitatos
659 3771 713 3838 (36)
724 3769 826 3819 Tamen
839 3767 917 3820 etiam
930 3767 965 3820 ad
976 3786 1025 3820 sua
1037 3787 1044 3821 ε
1056 3780 1084 3821 ut
1099 3769 1134 3823 ad

72 3847 158 3912 fuisse,
168 3866 224 3899 non
235 3845 455 3907 dissimulatVII,
466 3843 510 3907 33,
519 3845 575 3913 (ubi
619 3850 663 3920 jus
675 3848 756 3899 trium
766 3847 954 3911 liberorumX‚
968 3867 995 3912 a,
1008 3847 1043 3900 ad
1052 3856 1134 3922 augu7

72 3925 218 3979 Ciceronem
230 3943 308 3976 suum
324 3925 439 3976 imitatus
456 3923 520 3975 fam.
536 3923 573 3986 V,
623 3939 710 3980 ratum
722 3928 757 3991 Χ,
770 3928 796 3990 8,
807 3939 857 3980 etc.

75 4007 121 4072 η),
134 4006 206 4058 cons.
220 4002 276 4068 Vl,
289 4021 332 4072 ²9,
346 4001 372 4054 3·
384 4003 473 4067 Quam
484 4013 573 4054 lamen
659 4005 1135 4078 (dylsuuminlaudandisamicisstu·

74 4084 133 4135 enin
145 4103 174 4137 re
182 4082 393 4137 moderationem
402 4081 522 4135 adhiberi
532 4100 575 4134 ve·
623 4085 698 4140 dium
715 4087 868 4141 suavissime
884 4097 992 4140 excusat
1002 4087 1066 4147 VH,
1079 4085 1119 4137 28.

75 4159 111 4226 lit,
125 4162 200 4217 docet
220 4165 252 4228 I,
269 4164 302 4228 8,
319 4164 366 4226 13,
381 4181 421 4234 sq.
444 4163 574 4216 Caeterum
659 4166 715 4239 (38)
725 4166 787 4220 Vid.
803 4167 837 4220 ad
849 4165 995 4239 proximam
1009 4176 1100 4218 notam
1112 4163 1132 4215 s·
