2648 4830
379 370 449 437 AD
473 370 502 435 J.
530 370 570 437 Α.
596 368 922 440 ERNESTIUM.
1068 393 1187 440 xxxvn

151 495 211 563 ΙΙΙ,
228 489 264 560 5,
280 490 310 546 8.
326 491 535 548 Parcissimum
547 510 691 559 somnum,
705 488 947 567 vigilantissimus
961 488 1071 555 homo,
1085 492 1189 549 merito

115 584 247 642 defendis
262 594 371 640 contra
384 602 469 654 eum,
484 583 536 660 qui
545 586 733 659 paratissimo
749 604 848 639 sonmo
862 603 893 639 se
906 584 1033 660 gaudere
1046 602 1107 640 non
1130 585 1185 642 dif-

116 679 225 748 fitetur,
240 677 291 734 his
304 676 471 734 rationibus
482 678 588 746 nixus,
601 680 710 753 primo,
721 677 803 752 quod
815 678 920 746 verba,
931 690 993 733 erat
1001 681 1190 751 scneparcis-

116 772 177 827 simi
186 771 304 838 somni,
319 769 491 825 relationem
500 772 539 828 ad
550 773 753 828 antecedentia
764 814 772 841 ,
784 783 814 828 et
823 784 962 846 tanquam
974 771 1192 828 conclusionem

116 863 264 933 indicent3
278 862 320 918 ibi
333 875 432 918 autem
441 863 577 937 depereo
590 883 709 935 somno,
722 883 783 919 non
789 875 898 938 parato
910 875 1006 920 actum
1018 864 1072 920 sit:
1086 862 1193 919 deinde

116 959 195 1034 quod
209 977 333 1014 somnus
347 958 425 1012 inter
436 959 532 1013 studia
551 971 581 1014 et
598 959 728 1026 labores,
745 958 878 1034 adeoque
898 957 995 1014 alieno
1015 969 1146 1031 tempore
1164 967 1193 1012 et

115 1052 198 1121 loeo,
219 1063 330 1126 praeter
346 1048 530 1124 opinionem,
546 1071 640 1125 quum
660 1050 717 1107 hoc
732 1070 794 1107 non
813 1050 922 1125 agitur,
939 1061 973 1106 ut
995 1050 1193 1120 dormiamus,

117 1148 244 1212 memus,
259 1163 323 1201 non
336 1144 431 1219 possit
442 1157 563 1218 paraus
576 1144 653 1215 dici,
669 1146 719 1202 sed
740 1146 895 1217 obrepens,
910 1145 1071 1217 opprimens
1078 1165 1090 1212 ;
1111 1143 1194 1218 quod

116 1250 218 1296 autem
239 1236 322 1293 idem
340 1248 446 1311 praeter
468 1237 640 1311 opinionem
654 1238 767 1293 instans
786 1248 814 1292 et
831 1235 976 1309 obrepens
994 1254 1114 1292 somnos
1135 1236 1194 1290 cito

119 1333 239 1389 deserat
256 1327 423 1398 hominem,
435 1328 465 1386 id
478 1330 577 1405 ipsum
589 1349 650 1385 non
662 1347 723 1384 esse
729 1329 831 1403 parati
841 1327 954 1397 somni,
968 1328 1020 1383 sed
1029 1327 1116 1400 parci
1117 1347 1128 1393 ,·
1143 1344 1196 1382 ne·

119 1442 177 1499 que
194 1434 260 1478 tam
275 1421 323 1477 hic
337 1421 444 1495 respici
458 1439 475 1476 a
487 1421 582 1477 Plinio
596 1421 697 1489 adid,
712 1421 793 1494 quod
807 1420 894 1476 etiam
908 1421 978 1475 inter
986 1420 1081 1475 studia
1097 1421 1195 1484 instet,

120 1515 169 1572 sed
184 1514 287 1590 quod,
304 1533 399 1587 quum
413 1511 563 1570 homiuem
579 1513 772 1590 oppresserit,
786 1532 855 1567 moa
873 1524 970 1568 tamen
986 1513 1108 1567 deserat.
1128 1515 1196 1568 Haec

121 1619 152 1664 tu
164 1626 224 1682 pro
234 1606 411 1681 parcissimo
422 1625 529 1661 somno.
548 1607 617 1661 Non
632 1617 729 1661 autem
744 1606 781 1661 de
793 1605 850 1659 hoc
861 1603 937 1660 inter
949 1622 1004 1658 nos
1017 1604 1194 1677 disputatur,

123 1713 222 1757 utrum
228 1699 402 1773 parcissimi
413 1700 505 1755 somni
516 1698 606 1754 fuerit
618 1698 751 1753 Plinius?
763 1696 819 1753 boc
830 1698 900 1753 satis
913 1696 999 1752 docet
1011 1693 1090 1751 illius
1105 1695 1194 1750 filius:

124 1794 171 1849 sed
184 1812 225 1848 an
235 1791 440 1866 paratissimus
461 1789 518 1847 dici
539 1790 671 1867 potuerit
692 1808 831 1857 somnus,
847 1789 898 1864 qui
913 1790 996 1843 instat
1010 1785 1059 1842 ille
1074 1786 1196 1860 quidem

125 1903 247 1961 semper,
268 1895 302 1939 ut
320 1885 414 1957 gravis
432 1885 595 1939 adversaria
616 1885 791 1958 exspectatio
810 1884 960 1938 constituta
975 1893 1003 1936 et
1012 1892 1121 1955 parata
1139 1881 1196 1935 Cu-

126 1980 194 2032 rioni
200 1995 250 2050 ap.
264 1975 326 2031 Cic.
337 1977 418 2031 Fam.
427 1979 468 2044 ΙΙ,
480 1985 507 2043 4.
520 1989 679 2050 utparatus
689 1978 814 2032 moechus
823 1994 869 2049 ap.
880 1977 947 2030 Ter.
957 1975 1052 2031 Andr.
1062 1976 1100 2042 11,
1111 1995 1136 2041 1,
1149 1972 1195 2028 16.

127 2068 282 2126 sedetiam
299 2069 594 2137 deserit;commoda
617 2088 686 2125 sane
707 2080 812 2124 natura
832 2070 863 2123 in
882 2065 1002 2123 homine
1023 2064 1195 2142 negotioso,

128 2162 175 2236 qui
189 2162 230 2218 sit
244 2161 331 2236 parci
351 2160 399 2216 ille
413 2160 534 2234 quidem
556 2161 669 2229 somni,
690 2174 719 2217 et
735 2161 872 2238 vigilans3
888 2179 993 2216 verum
1014 2160 1092 2215 idem
1108 2157 1197 2213 etiam

125 2255 238 2327 parati,
261 2253 344 2328 quod
359 2251 615 2328 fereconsequens
630 2272 692 2310 esse
709 2254 739 2308 in
754 2252 923 2308 hominibus
940 2252 1016 2308 sanis
1032 2252 1115 2307 solet.
1134 2251 1197 2305 Ne-

129 2364 182 2420 que
193 2345 275 2402 enim
285 2345 387 2401 molles
396 2345 535 2421 pulvillos
548 2357 711 2418 exspectat,
723 2345 776 2421 qui
786 2357 854 2420 post
863 2346 1048 2402 moderatum
1062 2362 1197 2400 somnum

130 2437 225 2492 multis
242 2435 326 2492 horis
338 2437 386 2492 vel
399 2435 498 2491 animo
512 2436 559 2492 vel
573 2457 696 2512 corpore
709 2439 819 2514 agitato
832 2450 921 2514 atque
931 2438 1058 2493 exercito
1071 2437 1127 2491 fuit
1141 2447 1197 2492 etc.

131 2531 193 2586 Non
208 2541 282 2604 puto
297 2548 351 2603 ego
364 2529 451 2584 nimis
464 2549 510 2584 me
526 2530 758 2586 somniculosum
776 2530 942 2598 hominem3
957 2530 1006 2585 sed
1021 2531 1128 2606 gratias
1143 2548 1197 2604 ago

132 2633 235 2677 naturae
253 2640 325 2676 meae
342 2620 474 2688 attctori,
489 2621 570 2694 quod
580 2634 720 2695 paronam
739 2623 823 2678 illum
836 2640 950 2694 semper
966 2624 1107 2678 blandum
1120 2621 1197 2677 insi-

133 2712 272 2770 diatorem
284 2713 430 2789 experior,
443 2712 514 2768 satis
528 2725 625 2768 tamen
637 2712 806 2770 modestum
817 2700 967 2781 eumdem,
984 2713 1037 2789 qui
1046 2714 1198 2782 recedere,

134 2823 220 2880 quum
234 2825 310 2879 opus
326 2816 389 2874 est,
404 2805 504 2860 soleat.

167 2900 295 2967 111,1t,
315 2918 342 2954 a.
362 2901 484 2954 Feruens
497 2901 691 2974 pavimentum
710 2899 847 2979 explicari
862 2899 1005 2969 debebat,
1025 2901 1108 2973 quod
1124 2901 1200 2956 bene

134 3008 246 3061 mones,
263 2990 382 3048 duobus
396 2989 513 3058 verbis,
531 2992 557 3046 si
572 2991 638 3068 quis
656 2993 733 3048 forte
746 3012 805 3047 non
821 2992 1017 3060 meminisset,
1034 2991 1136 3046 balnea
1151 2992 1202 3045 illa

135 3079 223 3135 fuisse
235 3081 395 3146 ὑπόκαυστα,
408 3079 548 3152 pensilia,
563 3081 724 3138 fornicibus
735 3082 885 3155 imposita,
900 3080 1050 3154 inquibus
1062 3099 1200 3138 accensus

134 3168 202 3247 ignis
216 3172 420 3247 pavimentum
432 3172 527 3245 primo
542 3173 724 3232 calefaceret.
739 3176 854 3231 Pictura
866 3175 975 3250 passim
989 3186 1117 3249 prostat,
1131 3195 1157 3230 v.
1172 3193 1202 3251 g.

136 3265 208 3340 apud
223 3264 392 3321 Fabricium
408 3264 445 3320 ad
459 3267 538 3323 Sext.
551 3267 661 3348 Empir.
677 3288 706 3343 p.
724 3269 771 3324 30.
1234 3252 1238 3259 Ι

170 3357 224 3426 ΙΙΙ,
237 3358 283 3427 16,
296 3377 341 3413 11.
353 3359 493 3414 Praeclare
501 3360 657 3428 observas,
671 3364 747 3417 male
757 3363 832 3416 mori
840 3362 911 3419 alias
924 3362 997 3426 dici,
1011 3361 1061 3435 qui
1071 3362 1100 3415 in
1112 3379 1204 3434 aqua,

135 3462 181 3504 aut
196 3450 305 3524 aturpi
318 3449 489 3524 imbellique
504 3450 595 3507 bestia
612 3465 745 3527 pereant,
758 3453 795 3509 de
811 3474 872 3528 qno
886 3457 993 3526 Caper.
1007 3452 1093 3507 Obss.
1110 3471 1138 3520 1,
1153 3452 1182 3506 8.

171 3543 221 3610 tv,
237 3562 268 3613 7,
288 3561 314 3596 1.
339 3541 449 3596 Crebra
463 3542 600 3615 repetitio
616 3559 657 3604 est
675 3546 754 3600 illum
769 3544 939 3601 scholastica
954 3545 1005 3602 tibi
1019 3564 1078 3600 non
1095 3544 1205 3619 magis,

134 3643 232 3709 φιλτάτη
255 3642 365 3711 κεφαλὴ,
387 3652 476 3710 quam
493 3635 567 3689 mihi
584 3635 710 3692 videtur.
735 3640 845 3711 Nempe
868 3638 946 3692 hona
968 3656 1036 3714 pars
1058 3634 1145 3691 Plinii
1164 3648 1208 3692 est

134 3724 317 3794 scholastica,
331 3726 360 3781 h.
371 3745 396 3782 e.
410 3726 546 3782 ornatius
559 3726 793 3803 studiosiusque,
811 3747 899 3803 quam
914 3730 988 3784 solet
997 3730 1026 3783 in
1039 3728 1207 3805 promiscuo

135 3819 327 3891 epistolarum
337 3837 395 3874 usn
407 3817 486 3888 lieri,
497 3819 623 3893 scripta:
635 3821 743 3895 scripta
756 3839 859 3893 nempe
871 3839 931 3875 non
944 3820 1060 3887 amicis,
1074 3820 1124 3876 sed
1137 3838 1208 3894 pos—

135 3911 256 3980 teritati,
269 3910 353 3982 cujus
367 3930 398 3967 se
412 3910 532 3967 fastidio
545 3912 594 3967 illa
612 3931 664 3969 sua
678 3912 863 3968 accuratiore
876 3913 1010 3970 oratione
1022 3911 1133 3968 mederi
1142 3930 1208 3983 pu-

135 4003 222 4059 tabat.
233 4038 236 4043 ·
248 4007 326 4060 Pone
347 4003 439 4078 igitur
456 4006 610 4079 tantisper,
628 4024 689 4062 non
713 4006 864 4080 epistolam
888 4026 965 4074 esse,
982 4005 1042 4062 sed
1068 4003 1208 4070 satiram,

137 4113 222 4172 quam
231 4096 370 4174 legimus,
382 4108 412 4153 et
427 4099 609 4173 anaphoram
617 4097 699 4154 illam
707 4097 893 4175 pronominis
904 4098 1019 4155 facilius
1032 4111 1208 4170 concoques.
