2648 4830
512 318 795 388 SCHAEFERI.
1153 349 1189 392 xi

137 493 173 538 ex
193 492 274 539 meo
296 467 408 538 solius
426 465 576 539 arbitrio
596 464 823 549 adcurarem,
843 467 931 537 dum
952 492 1000 538 ne
1016 468 1188 542 descisce-

133 615 196 661 rem
212 615 232 661 a
245 591 390 688 regula,
405 590 451 661 ad
464 615 573 686 quam
583 591 702 662 editor
713 592 977 688 Gottingensis,
994 592 1189 689 plaudente

134 713 210 784 orbe
230 714 390 803 erudito,
409 739 516 786 omne
533 717 721 812 negotium
740 716 923 812 exegisset.
946 716 1107 786 Mearum
1124 717 1191 813 igi·

131 852 181 907 tur
200 840 362 934 partium
384 862 461 910 esse
481 839 585 923 duxi,
605 840 779 936 primum,
805 851 846 909 ut
866 851 1023 924 textum,
1046 839 1191 935 qualem

129 964 324 1050 Gesnerus,
345 976 520 1033 emunctae
539 964 682 1034 criticus
695 964 810 1050 naris,
830 961 996 1034 subsidiis
1015 963 1088 1034 suis
1109 987 1191 1060 per·

126 1100 242 1183 specte
252 1111 341 1158 usus
356 1086 522 1174 dederat,
535 1089 675 1159 mendis
688 1088 799 1158 modo
810 1085 1095 1185 typographicis,
1110 1113 1191 1185 quae

125 1209 319 1281 editionem
344 1210 492 1281 alteram
518 1226 570 1281 sat
596 1235 720 1281 crassae
743 1208 978 1298 obsidebant,
1000 1210 1188 1299 correctis,

123 1332 319 1430 relictaque
329 1335 461 1432 passim
470 1335 775 1432 interpunctione,
787 1332 966 1404 illibatum
974 1348 1188 1431 repeterem.

123 1461 210 1529 Nam
227 1459 296 1528 etsi
311 1456 427 1554 probe
450 1458 715 1544 intellexeram,
735 1483 811 1527 non
826 1460 948 1528 omnia
966 1459 1005 1527 in
1022 1457 1191 1529 Plinianis

124 1581 169 1652 sic
186 1584 387 1652 constituta
402 1606 496 1664 esse,
515 1583 614 1653 nulla
628 1597 668 1653 ut
684 1583 809 1653 critico
823 1583 970 1652 materia
987 1596 1190 1679 superesset

123 1707 254 1803 inqua
279 1706 497 1776 elaboranda
521 1732 603 1777 cum
626 1707 731 1777 laude
758 1721 984 1792 versaretur3
1012 1705 1190 1776 malebam

123 1843 260 1917 tamen,
282 1833 313 1901 si
340 1829 430 1925 quid
452 1832 564 1901 critici
588 1833 729 1928 generis
754 1831 957 1916 incidisset,
978 1828 1015 1897 id
1036 1830 1075 1898 in
1093 1832 1190 1900 notis

123 1978 291 2040 monere,
312 1978 424 2050 quam
440 1979 586 2024 manum
609 1957 677 2050 ipsi
697 1955 811 2024 textui
833 1956 1009 2023 continuo
1030 1955 1186 2049 injicere.

123 2079 263 2148 Etenim
286 2077 432 2174 pigebat
453 2077 681 2172 taedebatque
701 2076 943 2147 tumultuariae
961 2100 1097 2174 operae,
1116 2102 1188 2174 qua

117 2225 222 2307 ,nunc
231 2199 338 2286 mihi,
352 2209 388 2272 et
399 2215 561 2299 tempore
572 2201 732 2286 excluso,
743 2225 811 2271 nec
825 2202 908 2270 satis
917 2203 1095 2271 instructo
1105 2199 1189 2270 sub-

108 2302 220 2415 indiis
235 2326 290 2396 rei
305 2326 364 2396 vel
377 2324 471 2396 bene
491 2325 657 2423 gerendae
677 2327 898 2413 necessariis,
914 2323 1189 2420 defungendum

79 2444 87 2501 ³-
103 2440 262 2534 '.flisset,
284 2449 314 2518 si
332 2447 377 2518 ad
401 2472 530 2517 novam
550 2462 669 2518 textus
696 2448 944 2519 recensionem
968 2447 1187 2518 descendere

96 2580 110 2635 .’
120 2560 383 2665 ῂὶιεῑίηυίεεθω.
399 2577 571 2642 Pmterea
582 2595 711 2667 parum
721 2569 903 2668 placebat,
917 2573 955 2641 in
971 2570 1072 2641 libris
1082 2570 1187 2642 scho-

79 2664 235 2797 'hbrum
256 2697 339 2765 usui
356 2695 494 2783 dicatis,
508 2697 624 2792 qualis
638 2696 697 2767 hic
715 2696 848 2766 Plinius
865 2710 936 2782 est,
957 2696 1068 2766 multa
1087 2697 1187 2767 iden-

79 2852 99 2903 χ
113 2810 233 2899 {lem
247 2821 390 2908 novari3
405 2818 713 2916 praestabiliusque
728 2817 936 2904 videbatur,
948 2834 1088 2890 textum
1106 2844 1188 2916 pro-

79 2910 291 3039 {i'lubiliter
320 2940 480 3013 effictum
508 2941 665 3014 fideliter
687 2945 853 3031 retineri,
881 2942 999 3014 donec
1025 2966 1142 3013 novus
1167 2967 1188 3012 a

79 3052 247 3143 :Ni‘eitico
273 3067 406 3163 sagaci,
431 3066 600 3137 omnibus
629 3065 800 3137 affluente
827 3068 956 3163 copiis,
980 3067 1093 3163 inque
1117 3066 1186 3137 hoc

79 3270 81 3274 ¹
122 3162 235 3265 flium
253 3189 416 3277 intento,
438 3188 665 3261 conderetur.

84 3408 88 3415 ἱ
132 3296 146 3417 '²
168 3313 321 3381 Gesneri
336 3325 440 3382 notas
460 3313 617 3410 integras
632 3315 771 3411 repetii.
793 3311 1006 3384 Debebatur
1021 3312 1092 3382 hoc
1109 3336 1185 3382 me-

123 3420 242 3535 lporiae
268 3436 335 3504 viri
356 3438 484 3533 optimi
504 3436 622 3532 deque
640 3438 750 3507 literis
768 3439 901 3507 nostris
919 3436 1187 3533 praeclarissime

121 3559 248 3626 ueriti.
273 3561 504 3655 Quamquam
521 3563 618 3631 enim
641 3561 840 3632 verendum
862 3561 951 3629 mihi
969 3574 1062 3647 erat,
1083 3585 1129 3631 ne
1147 3562 1187 3629 in

122 3680 438 3775 reprehensionem
455 3683 715 3752 nonnullorum
734 3685 975 3770 incurrerem,
990 3684 1020 3752 si
1037 3707 1078 3752 ea
1092 3706 1187 3777 quo-

123 3826 191 3897 que
210 3829 408 3903 servarem,
429 3804 564 3901 quibus
582 3830 676 3876 nova
695 3806 804 3875 editio
824 3818 922 3876 recte
941 3830 1062 3876 carere
1081 3828 1186 3902 posse

125 3925 188 3995 illis
199 3927 404 4016 videretur,
421 3931 535 4000 tutius
549 3945 670 4001 tamen
685 3929 856 4027 putabam
871 3929 1070 4001 hocsubire
1083 3929 1185 4013 aleae,

125 4072 229 4143 quam
244 4053 455 4124 omittendis
467 4054 560 4140 aliis,
579 4055 655 4124 aliis
668 4057 706 4123 in
725 4053 869 4126 brevius
883 4053 1069 4152 cogendis,
1085 4051 1185 4149 quod
