2648 4830
386 332 457 440 sn
481 372 509 437 J.
535 371 575 438 A.
603 369 928 440 Enaesimus.
1097 406 1190 452 xm

157 499 187 564 Ι,
202 496 231 564 8,
250 513 297 550 ra.
314 497 416 564 Quum
429 493 467 550 de
480 512 600 549 munere
612 491 660 550 hic
675 512 773 550 sermo
793 495 845 563 sit,
865 498 963 571 placet
981 499 1055 570 tibi,
1077 504 1191 566 Ernesti

124 587 304 656 doctissime,
321 606 383 642 non
396 587 432 642 ad
449 586 650 656 medicorum,
665 587 701 643 de
716 588 827 660 quibus
839 589 973 664 alioquin
987 590 1034 650 hic
1048 597 1144 672 agitur
1158 602 1191 658 in

124 681 242 754 protasi,
257 678 367 753 pilulas
383 679 486 735 referri
500 678 625 736 verbum
645 680 780 736 inducere
786 703 797 748 ‚-
813 682 864 738 sed
884 701 919 739 eo
934 686 1011 740 sumi
1027 687 1193 765 intellectu,

125 791 176 846 qno
189 773 377 842 inducuntur,
390 773 420 826 h.
433 791 458 828 e,
476 774 698 846 producuntur,
721 775 932 847 ostenduntur,
950 783 1192 842 commendantur
1222 842 1230 857 ,

124 865 332 939 spectatoribus
341 863 482 921 ludorum
492 865 681 939 publicorum
691 885 835 940 personae,
843 869 965 946 ipsaque
975 871 1049 928 adeo
1058 893 1190 939 munera:

122 976 268 1034 quumque
284 959 382 1014 Graeci
396 957 497 1014 eadem
512 960 627 1015 ratione
643 959 744 1015 dicant
756 969 876 1038 εἰσάγειν,
896 961 966 1020 inde
987 965 1030 1021 ais
1051 969 1192 1042 explicari

122 1050 189 1108 forte
201 1070 267 1108 non
278 1050 409 1107 absurde
421 1069 508 1127 posse
520 1049 618 1107 locum
631 1052 661 1107 in
675 1052 799 1126 epistola
814 1053 852 1110 ad
867 1055 1015 1127 Hebraeos,
1031 1079 1056 1126 r,
1069 1060 1097 1115 6.

153 1146 182 1211 1,
197 1164 228 1220 9,
249 1163 275 1199 r.
291 1142 415 1199 Praefers
427 1140 605 1218 punctisque,
621 1155 672 1200 ant
686 1146 842 1214 cunctis-ee,
859 1166 913 1221 pro
933 1148 1047 1207 diversa
1069 1155 1190 1231 opposi-

122 1235 201 1292 tionis
221 1235 360 1304 ratione,
375 1254 410 1291 ex
425 1255 482 1312 qna
501 1236 624 1311 siugulis
639 1237 810 1313 opponendi
826 1239 885 1296 sint
901 1255 952 1297 aut
963 1247 1064 1317 plures
1075 1248 1190 1314 puncti-

121 1349 184 1403 que‚
202 1327 233 1384 h.
250 1348 278 1384 e.
295 1329 412 1402 plures,
431 1339 458 1382 et
469 1327 490 1382 ii
506 1328 625 1402 quidem
642 1349 703 1384 non
714 1330 840 1406 singuli,
853 1334 904 1387 sed
915 1334 1044 1410 junctim
1056 1338 1191 1396 conside-

120 1422 186 1491 rati,
201 1434 257 1478 aut
269 1425 388 1495 plures,
403 1432 492 1498 atque
507 1422 581 1477 adeo
597 1423 711 1490 cuncti,
732 1416 762 1479 h'.
782 1443 806 1478 e.
818 1427 953 1481 cunctive.
973 1429 1048 1483 Mihi
1062 1449 1192 1488 crescere

120 1513 275 1570 ridebatur
287 1512 395 1569 oratio.
413 1511 544 1588 Singulis
560 1513 666 1583 diebus
678 1533 731 1587 per
745 1513 841 1570 officia
855 1516 968 1572 urbana
982 1522 1135 1578 transactis
1150 1523 1192 1579 sic

120 1606 183 1664 satis
196 1617 314 1663 constat
324 1606 418 1674 ratio,
434 1606 531 1662 minus
548 1619 664 1663 constat
673 1608 821 1680 plun'bus5
839 1608 971 1664 omnium
987 1610 1105 1667 minime
1119 1634 1191 1669 cura

120 1701 179 1769 ctis,
193 1699 224 1756 h.
241 1719 267 1755 e.
282 1700 329 1755 vel
343 1696 515 1776 simpliciter
527 1699 679 1767 omnibus,
693 1700 739 1753 vel
751 1711 831 1754 certe
843 1699 980 1773 pluribus
991 1701 1047 1757 illis
1058 1703 1090 1758 in
1100 1724 1191 1760 unam

120 1809 262 1848 summam
274 1790 412 1847 collectis.
426 1793 502 1853 Sunt
514 1791 591 1846 enim
604 1792 714 1857 cunco,
728 1791 810 1865 quod
820 1793 921 1848 Festus
936 1805 964 1850 et
975 1795 1119 1851 Asconius
1133 1798 1191 1853 do·

119 1897 195 1956 cent,
208 1888 299 1941 simul
314 1904 431 1951 omnes,
447 1884 534 1958 quasi
545 1884 697 1954 conjuncti.

152 1981 176 2047 1,
188 1999 208 2054 9
220 1976 263 2047 ‚5.
277 1979 335 2033 Pro
347 1977 406 2032 nisi
413 1996 502 2032 unum
514 1996 561 2032 me
568 1975 652 2048 jubet
664 1977 708 2032 Cl.
720 1976 898 2032 Amtzenius
910 1978 949 2033 ad
957 1980 1061 2056 Paneg.
1076 1981 1187 2051 XCIV,

119 2069 144 2139 3,
156 2070 255 2146 legere
267 2087 338 2138 nos,
355 2071 413 2124 nisi
425 2080 521 2123 tamen
538 2088 593 2123 me.
1100 2060 1103 2066 ’

152 2162 182 2228 Ι,
200 2178 247 2230 ra,
266 2179 290 2216 1.
305 2163 395 2216 Vetas
411 2178 457 2214 me
471 2159 621 2227 dubitare,
638 2159 685 2214 vir
703 2157 890 2228 doctissime,
911 2180 971 2235 quo
988 2164 1116 2233 jacturae
1134 2185 1189 2240 ap-

115 2249 236 2325 pellatio
249 2250 402 2327 respiciat,
415 2270 508 2324 quum
519 2250 623 2307 doceat
634 2251 697 2324 ipse
709 2251 819 2307 Plinius
828 2253 867 2320 ΙΙ,
881 2273 907 2322 r,
920 2273 964 2309 ιο.
977 2262 1014 2310 At
1025 2256 1190 2333 ipsumhoc

117 2363 219 2419 nempe
236 2343 410 2399 dubitabam
424 2361 497 2418 ego,
512 2353 612 2397 utrum
626 2342 798 2399 consolandi
811 2357 1017 2420 argumentum
1030 2346 1117 2402 initio
1132 2368 1190 2425 po-

116 2455 185 2492 nere
201 2434 349 2505 voluerit,
363 2446 392 2490 et
406 2433 438 2490 in
452 2435 534 2490 luctu
548 2434 691 2491 desinere.

154 2530 186 2597 I,
204 2547 252 2598 ao,
266 2548 292 2598 7.
308 2529 355 2585 Ad
367 2527 585 2601 subscriptiones
600 2529 746 2583 consonos
761 2526 809 2582 hic
824 2528 928 2601 respici
943 2540 1030 2601 putas
1039 2550 1049 2600 ;
1067 2551 1121 2587 nec
1141 2532 1190 2588 in-

117 2620 255 2689 tercedo,
277 2639 372 2695 quum
391 2620 421 2674 in
442 2621 498 2675 hoc
511 2618 667 2676 conveniat
689 2630 718 2672 et
738 2621 934 2688 accusatoris,
951 2624 1021 2685 δίκην
1040 2631 1191 2700 γράφοντος,

114 2713 302 2787 subscriptio,
316 2723 346 2768 et
359 2711 504 2780 censoria,
518 2723 553 2766 ut
568 2729 670 2768 caussa
683 2710 729 2765 vel
743 2709 852 2766 crimen
867 2710 997 2767 breviter
1012 2713 1188 2789 designetur.

153 2807 186 2874 Ι,
204 2824 253 2875 ao,
271 2824 316 2861 ro.
333 2805 484 2862 Orationis
499 2803 687 2860 retinendum
701 2819 818 2871 censes,
833 2803 886 2857 ubi
902 2821 956 2878 ego
976 2807 1098 2859 oratoris
1113 2825 1191 2879 prae-

116 2899 182 2955 tnli.
198 2901 303 2973 Neque
317 2897 454 2972 prolecto
469 2907 595 2952 temere:
610 2914 715 2968 nempe
730 2894 760 2948 lr.
774 2896 794 2948 l.
808 2896 886 2949 actio
899 2913 960 2950 non
974 2896 1191 2968 consideratur,

116 2991 172 3059 ais,
187 3002 336 3068 quatenus
348 2991 387 3047 ab
399 3001 511 3045 oratore
525 2989 649 3063 pendet,
664 2989 716 3077 sed
727 2997 873 3062 quatenus
886 2989 924 3043 ab
936 2990 1080 3043 oratione:
1090 2990 1192 3046 defen·

116 3082 256 3158 diturque
270 3100 287 3137 a
300 3079 412 3151 Plinio,
426 3098 579 3156 nunquam
593 3081 695 3135 bonam
711 3080 869 3134 orationem
885 3098 948 3135 esse
965 3081 1024 3135 sine
1046 3082 1120 3137 bona
1140 3101 1191 3137 ac-

118 3176 214 3242 tione5
229 3186 258 3231 et
273 3174 297 3230 si
308 3174 388 3230 bona
401 3175 495 3228 omtio
514 3172 551 3228 sit
570 3171 648 3228 bona
664 3174 779 3226 actione
792 3171 952 3239 destituta,
972 3185 1096 3248 propter
1118 3187 1192 3231 tem·

116 3250 198 3340 poris
211 3265 250 3322 ad
265 3266 412 3342 agendum
429 3263 491 3320 dati
505 3264 671 3340 angustias,
688 3264 797 3338 quihus
815 3263 893 3321 actio
911 3264 1074 3342 frangatur,
1098 3288 1191 3342 quum

119 3357 220 3414 timeat
233 3370 348 3425 orator,
359 3376 397 3413 ne
408 3369 522 3430 tempus
535 3358 731 3413 constitutum
747 3355 886 3425 excedat,
900 3378 961 3415 non
977 3378 1039 3416 esse
1053 3362 1192 3415 orationis

118 3451 232 3525 culpam
239 3489 251 3516 ,
264 3468 362 3525 neque
375 3460 533 3523 propterea
550 3449 642 3517 illud,
661 3449 743 3523 qnod
758 3462 897 3525 posuerat
911 3451 948 3507 de
963 3454 1090 3507 naturali
1104 3452 1191 3509 bona

118 3544 255 3600 emtionis
269 3562 298 3602 er
310 3542 431 3599 actiom's
439 3541 648 3615 conjunctione
660 3543 846 3618 negandum
862 3541 911 3598 sed
920 3543 1039 3612 judicis.
1053 3546 1192 3601 Praeclare

118 3632 182 3693 ists„
193 3635 250 3694 Sed
260 3635 346 3701 ride,
356 3638 375 3694 d
387 3644 500 3712 φιλότης,
510 3653 568 3709 qua
580 3645 659 3708 parte
673 3653 727 3710 ego
739 3634 992 3692 consideraverim.
1006 3638 1192 3712 Imaginabar

119 3726 194 3786 banc
202 3729 328 3804 speciem
339 3769 347 3796 ,
360 3727 480 3784 brevem
490 3727 577 3784 nimis
586 3727 664 3784 diem
676 3727 866 3784 constitutam
876 3727 1005 3792 oratori,
1018 3747 1079 3784 non
1090 3731 1192 3788 datum

115 3841 181 3901 lesse
202 3834 318 3896 tempus
337 3821 419 3878 domi
439 3821 534 3877 otiose
552 3818 771 3877 commentandi
792 3831 819 3874 et
839 3817 987 3875 scribendi
1012 3822 1190 3893 orationem;

119 3914 196 3970 nude
211 3912 379 3970 necessario
393 3913 419 3968 ei
433 3911 469 3968 sit
484 3930 518 3968 ex
537 3923 668 3986 tempore
679 3908 826 3987 agendum
842 3930 848 3964 :
865 3928 923 3984 qua
936 3929 967 3966 re
980 3909 1045 3980 fiat,
1061 3925 1095 3969 ut
1116 3917 1191 3969 actrb

120 4007 202 4076 talis,
217 4007 322 4064 similis
336 4025 399 4063 esse
413 4006 542 4062 orationi
554 4006 719 4080 cuicunque
739 4002 866 4076 scriptae,
887 4003 986 4060 auimo
1008 4015 1085 4060 certe
1109 4017 1192 4061 antea

122 4099 348 4178 comprehensae,
359 4118 420 4156 non
433 4099 535 4175 possit.
544 4099 609 4155 Hoc
621 4107 763 4173 argutum
775 4115 836 4152 non
845 4095 952 4154 accidit
964 4096 1049 4170 culpa
1057 4101 1190 4162 oratoris,

991 4192 1037 4255 C.
