2648 4830
328 364 401 431 AD
422 366 450 431 J.
476 364 517 431 A.
544 362 872 432 ERNESTIUM.
1054 393 1124 440 mv

58 489 160 544 delicias
173 486 215 542 ad
228 483 287 543 alia
300 487 403 543 omnia
416 485 522 560 petitas
542 486 690 542 novimus.
704 489 751 542 An
762 487 802 542 ita
816 506 929 562 pauper
942 498 985 545 est
995 489 1122 563 Plinius,

58 593 81 637 ut
89 579 179 636 solius
188 580 336 656 augendae
346 578 486 637 orationis
496 591 523 635 et
533 577 654 652 epitheti
665 596 768 634 caussa
778 581 987 653 superstitionis
998 583 1125 639 mentio-

57 691 109 728 nem
124 670 346 727 inculcaverit?
357 672 417 728 Sed
432 673 489 726 boc
505 671 568 745 ipse
585 670 672 726 sentit
692 671 738 725 vir
753 670 858 728 doctus
873 692 880 726 :
898 685 926 728 et
940 675 1016 730 hanc
1032 675 1127 749 ipsam

56 763 180 821 mutandi
193 782 334 820 caussam
351 764 441 820 fuisse
452 774 538 840 putat
551 762 793 836 descriptoribus.
812 765 921 821 Contra
936 767 1016 841 apud
1030 769 1128 825 Petro·

56 856 124 913 rium
139 875 166 913 c.
180 858 323 913 CXVIII.
342 859 472 912 Deorum
493 857 545 910 illo
558 856 736 923 ministeria,
750 874 804 930 per
820 877 885 932 quse
894 861 1129 934 praecipitandus
1188 868 1191 873 ’

57 961 87 1006 est
98 951 175 1005 liber
187 959 288 1023 poetae
302 949 439 1023 spiritus,
455 947 579 1023 simplici
595 947 786 1020 conjectura,
801 968 860 1023 qua
875 968 972 1007 severe
989 953 1063 1008 adeo
1080 953 1129 1009 in-

57 1039 163 1098 terdicit
185 1039 276 1107 aliis,
293 1040 325 1094 in
342 1041 481 1112 mysteria
504 1050 650 1096 mutatum
666 1039 706 1109 it,
730 1041 762 1095 iu
780 1061 840 1118 quo
862 1041 959 1100 minus
976 1046 1064 1102 etiam
1083 1046 1127 1103 illi

55 1133 203 1190 assentiar.
223 1129 372 1188 Nimirum
382 1151 479 1207 neque
493 1132 544 1190 Ille
555 1133 720 1205 Gronovio,
735 1135 914 1206 Schwarzio,
929 1136 1020 1210 mihi,
1035 1159 1129 1217 quum

56 1245 81 1283 ex
91 1225 217 1300 optimis
232 1224 322 1280 libris

10 1384 12 1395 Ι
84 1320 126 1388 L,
145 1325 176 1387 4,
195 1316 323 1392 legimus
336 1317 449 1372 domiui
460 1318 588 1385 scientis,
603 1317 685 1393 quod
697 1337 797 1375 serere
809 1319 945 1394 damnat,
962 1343 1059 1402 neque
1073 1345 1129 1401 pu-

56 1422 105 1482 tat,
119 1414 299 1467 Romanum
311 1428 487 1483 quemquam
502 1410 543 1466 sic
555 1408 638 1485 loqui
652 1411 794 1487 potuisse.
804 1413 860 1470 Sed

87 1507 128 1571 L,
155 1502 195 1572 5,
222 1501 331 1558 retinet
351 1504 520 1577 vulgatum,
538 1506 617 1578 quod
637 1507 675 1560 sit
701 1506 875 1560 detestanda
894 1509 1032 1578 avaritiis,
1057 1521 1111 1567 etc.
1119 1553 1129 1582 ,

54 1594 166 1672 aitque,
183 1595 249 1650 sine
266 1593 327 1651 nlla
347 1594 521 1651 difficultate
542 1607 617 1652 recte
635 1615 721 1669 posse
737 1597 855 1671 exponi.
872 1599 983 1654 Vellem
1006 1600 1129 1658 fecisset.

54 1692 126 1746 Nam
135 1687 317 1744 laborarunt
329 1685 493 1754 Livineius,
505 1688 624 1762 Lipsius
635 1731 643 1755 ,
654 1689 778 1762 reliqui,
791 1688 842 1763 qui
853 1710 910 1764 quo
919 1692 973 1758 sit,
984 1691 1130 1749 maluere:

55 1778 201 1838 laboravit
214 1779 387 1835 Perizonius
398 1780 446 1836 cui
452 1778 610 1836 ridebatur
620 1782 776 1857 legendum
786 1801 843 1856 quo
847 1783 898 1855 fit.
910 1781 986 1839 Vide
997 1787 1132 1862 ὧφιλότης,

55 1895 91 1930 au
105 1894 173 1929 non

91 1969 150 2037 LI,
166 1985 193 2036 1,
210 1954 371 2040 legendum
384 1967 421 2021 sit
435 1969 517 2021 Idem
533 1979 593 2021 tom
602 1986 714 2041 parcus
727 1971 777 2022 es?
790 1967 923 2024 Verbum
937 1987 967 2023 es
981 1968 1067 2024 facile
1081 1968 1131 2023 ab·

56 2060 168 2136 sorpsit
180 2059 296 2136 syllaba
305 2059 683 2135 praecedens.Quamquam
695 2060 805 2117 arctior
816 2060 849 2117 fit
863 2061 998 2118 transitio
1012 2061 1116 2137 ellipsi.

94 2156 147 2222 LI,
161 2173 190 2208 a.
201 2172 238 2208 ex
249 2154 335 2209 MSS.
350 2151 431 2208 dedit
445 2155 589 2225 Magnum
604 2153 724 2222 rejicere
732 2155 856 2228 aliquid,
870 2165 936 2226 etc,
951 2151 995 2210 Cl.
1006 2154 1132 2211 Arntze-

57 2244 144 2312 nius,
160 2256 190 2300 et
206 2243 237 2300 in
251 2246 318 2300 loco
332 2256 438 2300 vexato

96 2340 162 2406 LII,
175 2356 206 2405 a,
218 2339 313 2409 Quum
324 2339 444 2392 deorum
451 2339 513 2412 ipse
521 2357 582 2392 reon
590 2339 630 2393 sis
640 2341 773 2412 adeptus,
784 2337 814 2394 iu
827 2359 888 2413 quo
901 2338 1064 2416 adsentitur
1076 2341 1133 2397 Ce-

60 2429 117 2486 leb.
130 2431 310 2489 Schwarzio.
321 2435 409 2487 Juvat
420 2431 642 2505 explicationem
653 2443 787 2489 nostram
799 2431 888 2502 illud,
902 2433 984 2507 quod
999 2434 1134 2489 observat

61 2523 105 2579 vir
117 2524 376 2601 diligentissimus,
391 2526 449 2580 Dei
460 2527 536 2600 plur·
556 2536 584 2580 et
598 2526 668 2580 Deis
681 2525 713 2579 iu
726 2525 810 2581 libris
826 2525 955 2599 antiquis
969 2526 1106 2582 inveniri.

99 2620 173 2687 LII,
191 2617 218 2673 5.
235 2620 292 2673 Pro
308 2618 437 2686 abjectos
448 2617 517 2692 legit
529 2616 705 2673 Arntzenius
726 2618 845 2691 optimis
861 2617 1032 2674 auctoribus
1051 2618 1133 2688 obje-

64 2719 134 2778 ctas,
154 2720 184 2764 et
195 2708 296 2782 jungit
310 2709 523 2780 cumflommir.

100 2805 184 2870 LVI,
204 2820 230 2856 2.
252 2804 352 2871 Quum
368 2802 490 2875 scripsi,
510 2820 573 2856 non
588 2801 686 2858 statim
701 2802 739 2856 ad
757 2821 862 2859 manus
878 2821 940 2859 esse
953 2804 1135 2876 exemplum,

66 2893 114 2949 ubi
124 2913 195 2949 num
209 2912 266 2967 pro
274 2912 373 2948 nonne
382 2904 520 2967 ponatur,
534 2893 656 2949 alterius
666 2893 796 2950 auctoris
806 2894 921 2968 putavi,
933 2907 961 2949 et
970 2892 1136 2950 indubium.

68 2983 206 3059 Alioquin
220 2983 298 3039 euim
312 2996 376 3039 erat
386 2984 418 3039 in
429 2985 581 3060 proximo,
596 3005 701 3063 nempe
712 2987 826 3055 XLIX,
842 2994 869 3054 t,
882 2985 934 3042 ubi
945 2985 1007 3059 ipse
1019 2985 1087 3042 dedi
1101 3006 1137 3044 ex

69 3075 193 3133 editione
204 3077 334 3132 Salmur.
347 3076 433 3148 1671,
447 3096 480 3133 ra
490 3121 498 3148 ,
510 3098 580 3132 num
592 3080 809 3134 remissionibus
821 3080 875 3134 tuis
877 3077 1058 3154 frequentia,
1069 3092 1137 3150 etc.,

70 3169 133 3237 Quo
144 3169 176 3223 in
188 3167 257 3225 Ioco
273 3187 335 3224 non
349 3168 424 3225 illud
437 3170 527 3225 modo
539 3172 723 3240 membrum,
739 3172 792 3227 sed
803 3169 919 3246 reliqua
931 3171 1031 3227 omnia
1042 3191 1138 3227 arrum

70 3259 210 3336 incipiunt
217 3260 249 3317 in
259 3262 388 3337 antiquis
400 3261 592 3319 editionibus.
604 3263 830 3320 Minimeautem
840 3264 993 3338 probabile
999 3277 1057 3335 est,
1068 3284 1138 3319 num

10 3388 12 3395 ·
72 3354 215 3426 posituros
229 3352 320 3422 fnisse
333 3354 445 3428 primos
460 3353 602 3423 editores,
619 3356 643 3410 si
655 3355 836 3414 invenissent
851 3377 909 3412 non
924 3357 955 3412 in
968 3357 1029 3412 suis
1045 3356 1138 3411 libris.

73 3444 288 3513 VerumFaber,
297 3444 360 3515 alii,
372 3458 401 3502 et
407 3446 531 3523 jam‚Cl.
540 3449 717 3504 Arntzenins
728 3449 770 3504 ibi
782 3467 902 3524 quoque
910 3467 969 3502 non
980 3445 1136 3503 dederunt.

73 3537 122 3594 liic
135 3557 233 3594 nonne
252 3558 285 3595 ea
307 3557 410 3595 caussa
430 3540 520 3614 magis
538 3541 661 3614 placuit,
676 3541 747 3615 quia
763 3542 802 3597 ob
823 3552 991 3616 sequentem
1007 3540 1139 3597 vocalem

74 3628 152 3686 facile
169 3631 249 3687 iuter
260 3629 433 3687 dictandum
446 3631 581 3688 excidere
595 3633 727 3706 potuisse
741 3634 902 3689 encliticam
913 3652 949 3687 ne
964 3631 1138 3688 arbitrabar.

71 3717 213 3778 'Ceterum
234 3723 366 3796 ejusdem
381 3720 518 3797 originis,
535 3737 612 3781 certe
627 3725 864 3800 significationis,
878 3723 1068 3801 ejusdemque
1081 3725 1141 3782 fere

75 3815 321 3889 pronuntiationis
335 3817 481 3873 uocabula
500 3838 569 3873 num
586 3829 614 3874 et
631 3818 744 3874 nonita
760 3819 877 3874 misceri
896 3829 1008 3874 certum
1027 3832 1086 3888 est,
1106 3831 1141 3875 ut

75 3905 120 3962 rix
134 3926 267 3981 unquam
280 3908 313 3964 in
328 3909 607 3985 interrogationibus
621 3923 733 3966 certum
743 3911 799 3981 sit,
816 3922 884 3968 utra
900 3912 937 3968 sit
948 3912 1138 3986 praeferenda.

75 3995 135 4052 Non
148 3996 203 4054 hoc
217 4000 369 4056 intellectu
382 4002 509 4058 occurrit
524 4003 612 4057 etiam
626 4005 738 4074 LVIII,
757 4004 790 4074 3,
808 4004 840 4060 it.
856 4005 971 4075 LXIII,
988 4007 1014 4061 3.

110 4088 203 4158 LVII,
226 4099 254 4159 4.
279 4096 339 4148 Pro
356 4095 451 4149 sexies
475 4094 597 4167 conjicit
615 4095 660 4152 vir
681 4097 724 4154 el.
745 4099 865 4172 septies,
890 4110 922 4154 ut
941 4098 1085 4155 referatur
1103 4099 1140 4154 ad
