2654 4830
69 390 1109 430 mmmmm-mmmmmucmmssfflmmmnm-

1051 898 1064 934 Ι

358 714 831 845 LECTURIS

576 992 604 1048 S.

55 1188 386 1287 AUGUSTUS
421 1183 801 1281 G'UILIELMUS
839 1175 1119 1275 Euutstl.

59 1551 203 1704 Quum
216 1621 320 1665 essem
338 1608 472 1688 rogetus
489 1592 676 1678 alibrario,
697 1591 929 1684 repetitionem
944 1592 1044 1686 hujup
1056 1591 1121 1661 Pli-

58 1709 105 1776 nii
127 1708 323 1777 Gesneriani
345 1719 522 1799 paratum,
543 1718 581 1772 ut
602 1701 843 1796 significarem,
865 1703 892 1769 si
912 1701 995 1794 quid
1016 1716 1121 1787 esset,

59 1817 150 1912 quod
166 1817 347 1885 arbitrarer
365 1813 411 1882 illi
429 1839 497 1882 non
512 1814 623 1882 invitis
637 1810 792 1880 manibus
810 1812 949 1880 Gesneri
964 1799 1120 1880 accedere

59 1952 172 2020 posse;
186 1927 407 1994 meminissem
426 1938 536 1993 autem
554 1937 758 2017 opportune,
772 1922 808 1989 in
823 1920 1025 1991 bibliotheca
1042 1921 1120 2008 filii,

61 2035 173 2106 Caroli
189 2034 335 2129 Philippi
350 2035 511 2121 Gesneri,
525 2035 588 2101 viri
608 2032 760 2115 illustris,
777 2030 913 2100 Dresdae
931 2055 984 2099 me
1000 2030 1119 2100 vidisse

61 2145 249 2239 exemplum
265 2158 418 2213 notatum
433 2169 535 2212 manu
547 2144 634 2211 beati
648 2142 727 2227 viri,
739 2165 802 2209 uec
817 2141 1022 2227 dubitarem,
1037 2141 1118 2234 quin

64 2255 152 2323 taciti
172 2255 307 2322 domino
326 2252 402 2322 libri
421 2253 469 2321 uti
489 2251 630 2321 liceret:
650 2250 716 2319 adli
739 2251 780 2321 de
800 2249 972 2319 voluntate
992 2249 1119 2319 librarii

62 2363 152 2433 illum
170 2367 277 2458 ipsum
287 2389 345 2457 per
355 2362 567 2450 literas,et,ut
575 2363 616 2430 ad
625 2387 721 2431 usum
736 2386 828 2429 novae
842 2361 996 2431 editionis
1010 2385 1117 2428 exem·

61 2473 152 2567 plum
172 2473 253 2542 illud
269 2473 365 2541 nobis
378 2472 591 2556 concederet,
607 2472 731 2565 rogavi.
750 2469 808 2538 Ille
823 2495 921 2554 vero,
935 2494 1001 2562 quo
1017 2468 1114 2537 estin

60 2583 171 2652 literas
188 2609 316 2668 amore,
334 2585 404 2676 ipse
423 2582 674 2666 literatissimus,
688 2582 722 2648 in
741 2581 989 2675 mequefavore
1005 2580 1115 2673 singu·

61 2692 137 2778 lari,
156 2697 269 2761 statim
291 2715 358 2761 non
380 2694 561 2761 transmisit
579 2693 662 2762 mihi
683 2691 807 2779 solum,
828 2691 918 2786 quod
939 2691 1117 2786 petieram,

61 2802 114 2869 sed
133 2804 235 2870 etiam
255 2802 400 2870 donavit.

104 2915 179 2980 Hac
197 2937 277 3006 ergo
297 2910 508 2996 liberalitate,
526 2933 628 3002 quam
650 2909 727 3003 ipsae
748 2911 843 2979 bonae
864 2908 980 2994 literae,
998 2912 1024 2978 si
1047 2934 1116 2977 non

61 3019 182 3088 diserto
195 3047 266 3106 me,
281 3035 314 3088 at
328 3035 422 3114 grato
437 3018 567 3104 saltem,
576 3020 757 3112 interprete
770 3019 966 3113 praedicant,
978 3022 1024 3087 ita
1038 3044 1118 3088 usus

59 3153 148 3215 sum,
168 3143 224 3213 ut,
242 3143 361 3222 praeter
382 3127 573 3222 diligentem
591 3153 705 3197 curam
724 3131 939 3223 speciminum
963 3144 1116 3223 typogra-

57 3239 256 3331 phicorum,
279 3238 521 3332 religiosissime
543 3254 719 3308 tractarem
741 3242 941 3309 accessiones
964 3237 1115 3308 animad-

57 3350 270 3435 versionum,
286 3374 406 3442 easque
424 3349 562 3417 totidem
578 3350 687 3418 verbis
703 3376 763 3418 suo
779 3375 926 3444 quasque
942 3349 1015 3419 loco
1033 3351 1117 3417 inse·

56 3483 264 3544 rerem3non
278 3460 342 3527 nisi
352 3458 476 3528 voculis
488 3458 625 3552 singulis
635 3459 775 3527 subinde
789 3461 970 3528 necessario
984 3458 1115 3527 additis.

57 3571 106 3637 Ac
121 3594 165 3635 ne
178 3571 254 3661 quis
265 3570 444 3654 existimet,
455 3568 613 3662 pauculas
624 3568 695 3637 illas
711 3569 913 3638 accessiones
927 3593 1015 3653 esse,
1028 3593 1118 3637 com·

57 3691 172 3769 paret,
189 3702 395 3770 quaesumus,
415 3680 588 3771 utriusque
603 3677 776 3765 editionis,
791 3678 840 3746 vel
856 3679 889 3746 in
905 3678 1035 3747 duobus
1054 3682 1120 3774 epi·

60 3787 222 3856 stolarum
240 3788 408 3881 prioribus
428 3789 519 3858 libris
536 3793 572 3877 l,
591 3788 629 3874 3,
647 3785 688 3876 5;
708 3793 742 3873 I,
759 3791 821 3875 24,
838 3791 942 3872 4311,
960 3787 995 3875 3,
1022 3792 1120 3876 1311,

63 3895 260 3984 11,6;t],
288 3903 481 3985 12,2;11‚
512 3896 1120 3994 r7‚1;it.5;11‚20,12‚simiti-

52 4021 177 4100 ¹terque
202 3992 236 4075 in
260 4010 403 4095 caeteris,
430 4011 597 4102 praecipue
623 4009 658 4075 in
682 4008 908 4102 Panegyrico,
930 4008 1024 4102 plura
1051 4029 1123 4076 esse

62 4116 171 4185 addita
191 4119 348 4211 reperiet.
1047 4110 1054 4126 ’
