2648 4830
599 100 607 137 Ι
689 156 691 160 i

180 381 230 427 ¹11
425 387 428 392 ·
577 349 849 429 PRAEFATIO
923 421 925 427 a

180 508 345 578 Ernestio
357 506 473 578 facere
488 507 689 604 placuerat,
703 509 814 581 fidem
829 534 945 581 meam
960 494 1155 583 sublestain
1165 513 1247 584 red-

181 629 578 728 dere,desideriumque
588 633 783 704 accendere
794 635 1022 731 superiorum
1032 635 1245 707 editionum.

235 753 370 826 Eadem
402 769 439 825 et
463 755 599 849 majore
629 758 737 828 etiam
768 758 942 855 religione
973 758 1141 848 exhibui,
1165 760 1248 857 qua·

182 903 281 949 nunc
304 878 462 974 primum
486 879 684 975 prodeunt,
701 882 856 951 Ernestii
875 882 1147 954 adnotationes:
1165 907 1247 955 cor·

181 1003 260 1072 rexi
277 1000 368 1072 nihil
382 1003 451 1072 nisi
463 1017 609 1099 apertos
623 1004 749 1075 calami
763 1006 896 1103 lapsus.
919 1008 955 1077 si
969 1007 1059 1104 quid
1074 1021 1249 1107 praeterea

183 1126 368 1195 Ernestius
388 1125 578 1222 deliquisse
592 1127 790 1217 videretur,
808 1129 984 1200 intactum
1000 1130 1148 1228 reliqui,
1163 1132 1249 1204 satis

182 1247 323 1319 habens
341 1249 478 1320 tirones
494 1249 540 1321 de
555 1250 739 1323 erroribus
756 1252 869 1323 verbo
884 1253 1123 1324 admonuisse.

227 1371 429 1445 Commode
438 1376 804 1472 memineram,quum
815 1377 1130 1473 primumPlinium
1141 1376 1249 1450 eden-

184 1496 232 1567 do
248 1522 377 1568 manus
402 1499 654 1587 admovissem,
675 1501 713 1568 in
731 1505 856 1570 Joann.
883 1501 992 1571 Mich.
1016 1503 1248 1599 Heusingeri‚

184 1619 415 1692 eruditissimi
424 1624 491 1692 viri
504 1623 735 1717 criticiquein
750 1624 872 1719 paucis
882 1624 1031 1720 egregii,
1042 1622 1143 1694 libris
1155 1622 1249 1694 duo·

77 1751 79 1755 ’
182 1741 252 1814 bus
278 1745 581 1815 Emendationum
605 1745 795 1839 exquisitas
821 1746 859 1814 in
886 1742 998 1815 libros
1026 1770 1088 1815 sex
1110 1746 1250 1842 priores

182 1866 424 1963 Epistolarum
435 1868 541 1937 Plinii
554 1867 880 1938 animadversiones
893 1869 1060 1965 reperiri,
1079 1891 1099 1936 a
1115 1872 1249 1940 Gesne-

183 2014 225 2059 ro
238 1990 293 2061 bis
305 2001 316 2032 ¹
328 2005 469 2060 tantum
482 1991 600 2061 obiter
613 2005 925 2079 commemoratas,
937 2014 957 2060 a
969 1991 1127 2088 Gierigio
1141 1992 1248 2088 plane

182 2115 374 2212 neglectas.
401 2119 537 2185 Harum
557 2117 694 2187 nullam
714 2113 848 2186 habere
868 2115 1042 2185 rationem
1064 2114 1247 2211 piaculum

184 2234 319 2308 fuisset.
346 2241 474 2335 ltaque
502 2263 627 2310 omnes
652 2264 718 2310 suo
746 2262 930 2334 quamque
954 2237 1035 2307 loco
1058 2236 1248 2339 diligenter

184 2364 303 2457 posui.
328 2361 425 2450 Quid
443 2363 595 2433 moverit
614 2363 893 2458 Heusingerum‚
912 2374 953 2430 ut
976 2359 1021 2431 de
1038 2358 1247 2461 posteriori*

185 2482 255 2554 hus
268 2484 368 2554 libris
378 2486 467 2556 nihil
477 2485 730 2583 perscriberet,
743 2487 967 2581 ignoramus:
979 2481 1117 2591 fontem
1132 2476 1251 2572 enim}

186 2609 284 2679 unde
317 2635 381 2680 sua
408 2610 453 2678 ad
482 2606 620 2705 priores
645 2607 830 2693 hauserat,
851 2606 1144 2703 insequentibus
1172 2632 1249 2678 non
1305 2702 1308 2707 ι

188 2734 384 2818 exaruisse,
400 2722 476 2829 ipse
490 2757 557 2802 nos
571 2732 741 2802 admonet
750 2741 777 2799 ².
789 2734 824 2801 Is
836 2729 917 2801 fons
930 2732 993 2828 qui
1005 2728 1132 2817 fuerit,
1150 2738 1251 2826 quae'ss

187 2880 257 2950 que
273 2856 424 2926 omnino
438 2856 528 2926 ratio
546 2852 675 2925 harum
692 2852 1060 2940 animadversionum,
1077 2866 1118 2921 ut
1137 2854 1256 2923 sciant

186 2976 356 3065 lectores,
377 3003 555 3075 apponam
573 3003 653 3077 quae
672 2981 726 3048 vir
742 2979 892 3048 eximius
912 2976 980 3045 illis
1000 2972 1167 3072 praefatus
1187 2970 1254 3047 est·
1283 2960 1313 3072 ,ζ’

208 3139 213 3147 ›
235 3104 374 3191 «Quum
387 3103 460 3172 suis
471 3101 664 3172 virtutibus
674 3100 838 3199 pluribus
848 3098 1159 3186 commendantur,
1171 3088 1279 3217 quqs‘

188 3249 286 3297 nunc
306 3225 453 3322 quidem
474 3227 513 3295 in
535 3227 697 3295 omniurn
718 3223 885 3295 manibus
908 3236 1011 3308 sunt,
1032 3220 1258 3320 politissimd

190 3355 230 3422 C.
249 3350 355 3422 Plinii
372 3350 555 3447 Epistolae3
577 3364 716 3420 tumeo
736 3371 884 3445 quoque
905 3345 1052 3415 nomine
1071 3368 1145 3413 non
1165 3330 1251 3446 pos}

190 3490 275 3546 sunt
292 3499 370 3545 non
388 3474 573 3545 carissimae
591 3497 667 3543 esse
683 3472 813 3542 veteris
832 3468 1046 3565 eloquentiae
1066 3467 1255 3565 studiosisg

191 3597 291 3693 quod
306 3623 349 3669 ex
364 3598 549 3670 communi
565 3595 630 3667 illo
648 3595 833 3665 literarum
850 3593 954 3688 quasi
967 3588 1154 3686 naufragio
1175 3586 1252 3660 nori

192 3722 294 3793 salvae
311 3722 421 3791 modo
441 3733 649 3808 evaserunt,
668 3741 796 3789 verum
820 3717 906 3786 inde
928 3717 1036 3787 etiam
1055 3737 1165 3808 quarn
1184 3713 1254 3782 mi-

192 3847 330 3943 nimum
346 3845 423 3912 vitii
437 3857 710 3932 contraxerunt,
725 3863 1005 3941 germanamque
1018 3836 1115 3908 illam
1129 3860 1255 3935 argen-

232 4009 242 4034 ¹'
257 3996 304 4054 Ad
319 3998 350 4066 3,
369 3992 402 4066 5,
417 3991 499 4067 8‚6‚
515 4015 568 4066 ao,
584 3994 627 4053 15.

233 4089 479 4159 ²Ad1‚1o‚12.
