2648 4830
211 385 297 431 xilv
418 363 447 427 J.
474 364 522 428 Μ.
551 361 785 431 GESNERI
811 363 1077 434 EPISTOLA

211 483 270 542 nisi
282 494 419 559 argutum
433 494 534 557 putat,
549 495 579 539 et
593 483 681 542 valde
697 484 872 544 Plinianum.
885 487 1032 563 Equidem
1050 489 1205 548 conciliare
1221 511 1287 551 eam

185 654 188 661 Ι
211 577 429 654 exceptionem,
441 576 515 631 illud
535 578 604 646 nisi,
625 597 687 635 non
705 598 826 652 possum
845 600 913 637 cum
927 583 1027 638 verbis
1047 584 1104 639 hoc
1122 587 1219 660 magis
1233 607 1286 642 ar-

210 673 303 726 duum
320 669 394 740 suit.
421 667 549 724 Difficile
569 681 614 726 cst
630 671 731 741 rebus,
752 691 817 746 quae
837 673 876 728 ad
896 672 1045 749 fastigium
1062 674 1124 751 jam
1138 676 1287 749 perductae

209 762 366 830 videntur,
379 760 491 836 aliquid
504 760 628 819 addere:
642 775 734 820 cessat
750 765 923 829 admiratio,
936 765 961 822 si
976 767 1066 822 addat
1078 767 1118 838 is,
1133 769 1181 825 cui
1196 789 1287 827 resen

209 868 313 912 vatum
325 853 448 910 consilio
463 866 526 923 est,
541 866 576 910 ut
589 854 689 912 addat.
705 857 792 915 Conf.
804 878 868 933 cap.
881 860 1061 927 XXXVIII,
1079 879 1104 916 1.

250 949 399 1018 XXXVI,
412 955 439 1015 4.
451 949 494 1003 Ne
501 947 683 1005 admittenda
693 949 731 1005 sit
741 950 909 1007 emendatio
920 951 976 1007 soli
983 952 1159 1029 conjecturae
1167 951 1286 1026 debita,

212 1042 255 1099 cl.
263 1037 441 1096 Arntnenius
450 1041 579 1096 tribunal
583 1043 777 1116 excogitatum
785 1044 936 1112 cruciatui,
949 1062 1094 1120 suspenso
1102 1046 1177 1119 pede
1185 1044 1286 1123 (laudo

210 1132 399 1210 modestiam)
410 1134 450 1189 ita
462 1144 556 1191 tentat
572 1154 739 1211 exponere:
753 1137 884 1192 tribunal
894 1135 970 1193 illud
978 1180 987 1208 ,
1001 1137 1033 1192 in
1048 1157 1108 1214 quo
1124 1138 1180 1194 sub
1196 1158 1285 1214 supe·

211 1226 342 1284 rioribus
352 1226 579 1300 imperatoribus
590 1226 701 1285 fiscales
712 1247 821 1286 caussae
832 1230 1004 1307 agebantur,
1015 1233 1213 1304 excogitatum
1221 1250 1287 1287 cru-

212 1320 314 1388 ciatui,
328 1318 384 1376 hoc
398 1332 454 1392 est,
464 1320 617 1377 inventum
627 1321 666 1377 ad
679 1322 828 1379 vexandos
839 1334 867 1378 et
878 1322 1185 1380 lacerandosmiseros
1200 1343 1284 1395 reos,
1300 1324 1304 1331 ’

212 1413 268 1470 sub
277 1412 391 1486 optimo
401 1412 536 1490 principe
547 1431 696 1488 nuncpar
707 1426 750 1470 est
759 1416 886 1481 certeris,
900 1427 953 1470 etc.
964 1416 1032 1471 Non
1046 1413 1142 1470 voluit
1152 1413 1285 1488 profecto

212 1504 336 1582 intelligi
350 1525 367 1561 a
380 1505 506 1580 posteris
523 1507 649 1577 Plinius,
664 1508 689 1563 si
699 1505 755 1562 hoc
769 1507 827 1565 illis
842 1505 939 1564 verbis
953 1506 1052 1563 dicere
1059 1506 1164 1562 voluit.
1177 1508 1286 1564 Eadem

213 1611 289 1676 puto
302 1598 340 1654 de
350 1617 402 1669 eo,
414 1599 466 1673 qui
478 1598 537 1671 jam
550 1610 679 1673 ponetur
691 1599 775 1667 loco,

254 1691 321 1760 XL,
334 1709 361 1760 1,
374 1689 428 1746 ubi
441 1690 548 1747 retinet
560 1690 705 1761 vitiosam,
716 1699 750 1745 ut
765 1688 837 1745 mihi
848 1688 975 1759 videtur,
991 1688 1177 1765 scripturam,
1187 1689 1284 1759 cujus-

216 1801 329 1857 cunque
345 1784 428 1837 modi
449 1802 486 1837 ea
499 1784 640 1856 pecunia,
661 1791 730 1850 etc„
752 1781 841 1836 etita
861 1778 1002 1853 explicat,
1017 1782 1203 1852 Quocunque
1220 1777 1287 1850 jure

215 1886 268 1930 aut
283 1875 402 1930 nomine
414 1873 453 1928 ad
467 1869 776 1948 aliquem'pervenerit
789 1873 923 1947 pecunia.

255 1962 381 2034 XLV,5.
389 1963 485 2033 Ponit,
498 1965 578 2039 quod
575 1963 694 2034 frustra
703 1964 1068 2038 speraveruntdzssimiles‚
1085 1982 1141 2038 pro
1152 1982 1287 2037 sperave-

217 2062 276 2114 rint
292 2057 374 2134 quod
392 2057 514 2113 Gruteri
528 2069 559 2114 et
574 2057 732 2132 Bongarsii
747 2055 923 2129 conjecturae
942 2054 1073 2111 debitum
1087 2055 1207 2130 sequuti
1219 2067 1289 2112 sunt

217 2149 322 2207 caeteri.
337 2153 375 2206 Et
388 2149 543 2224 pulchram
557 2160 646 2226 atque
660 2168 759 2206 veram
771 2148 820 2206 hic
834 2149 907 2206 dicit
925 2148 1098 2206 sententiam
1117 2161 1222 2205 contra
1237 2149 1286 2204 ni-

216 2245 306 2302 miam
319 2243 495 2300 emendandi
507 2242 659 2299 libidinem
672 2262 679 2297 :
692 2242 744 2300 sed
758 2262 822 2318 quae
833 2262 881 2299 me
892 2255 991 2299 tamen
1002 2261 1063 2298 non
1075 2242 1237 2313 deterreat,
1254 2253 1288 2297 nt

217 2354 279 2391 non
290 2333 391 2390 malim
400 2334 447 2389 hic
456 2333 512 2409 legi
523 2335 710 2409 speraverint.
720 2336 781 2392 Nec
792 2335 914 2412 ignoro,
928 2334 1106 2391 aoristorum
1120 2337 1289 2390 Graecorum

216 2426 277 2482 vim
291 2427 413 2498 habere,
430 2426 509 2502 apud
530 2428 668 2484 Senecam
687 2428 864 2503 praesertim,
881 2428 1033 2485 interdum
1052 2427 1207 2505 praeterita.
1221 2429 1290 2483 Non

216 2519 311 2574 multo
325 2519 482 2592 postillam
498 2518 530 2574 in
544 2519 660 2576 criticos
673 2521 832 2578 orationem
840 2563 849 2592 ,
861 2539 967 2594 nempe
983 2519 1021 2575 ad

256 2613 393 2681 XLVIII,
405 2612 433 2680 3,
448 2610 500 2667 ubi
510 2612 720 2668 immanissima
730 2614 825 2669 bellua
837 2613 1024 2670 Domitianus
1036 2626 1166 2684 vocatur,
1180 2613 1287 2679 «Eam,

215 2703 323 2778 inquit,
333 2705 526 2779 elegantiam»
536 2705 645 2783 (nescio
657 2718 766 2774 autem,
776 2725 841 2781 qnae
850 2706 992 2782 elegantia
1003 2708 1052 2776 sit,
1060 2707 1174 2762 homini
1184 2707 1289 2760 belluoe

216 2816 324 2854 nomen
344 2797 489 2874 tribuere)
507 2799 620 2855 «credo
634 2798 754 2873 periisse
775 2799 855 2876 apud
872 2801 1013 2857 Senecam
1030 2799 1113 2855 Sues.
1126 2800 1182 2868 VI,
1194 2816 1224 2870 p.
1240 2797 1288 2852 36.

219 2889 335 2945 Videbis
345 2890 426 2944 illum
439 2909 497 2945 non
512 2891 652 2959 hominis,
670 2893 724 2946 sed
733 2891 838 2946 belluae
852 2893 941 2947 civilis
954 2896 1076 2948 uultum.
1091 2889 1198 2947 Editur
1208 2908 1289 2944 nunc

130 3028 133 3032 .
218 2978 299 3049 belli,
318 2982 370 3037 sed
383 2980 424 3037 ita
437 3000 499 3036 non
512 2981 653 3037 satisfacit
666 2983 831 3059 oppositio,
847 3003 911 3058 quae
927 2984 1059 3058 apertior
1077 2994 1122 3039 est
1142 2982 1289 3038 hominem

216 3073 298 3130 inter·
307 3085 337 3128 et
348 3075 504 3130 belluam.»
515 3076 619 3132 Sermo
631 3086 677 3131 est
691 3076 727 3130 de
739 3077 869 3132 Antonio
885 3077 1062 3148 triumvir03
1079 3076 1238 3150 quaeritur,
1252 3092 1291 3130 an

218 3164 322 3222 Cicero
339 3165 423 3222 illum
437 3167 532 3238 adire,
545 3166 589 3222 illi
599 3167 767 3241 supplicare
779 3169 907 3224 debeat?
921 3169 979 3226 Sed
993 3180 1114 3242 potesne
1128 3179 1174 3237 tu,
1186 3167 1290 3221 huma-

217 3257 337 3314 nissime
346 3260 477 3330 Ernesti,
487 3258 535 3315 hic
544 3278 604 3316 non
616 3261 835 3335 aliquantulum
844 3260 938 3317 ridere
948 3263 1052 3317 belluoe
1063 3261 1151 3315 ciuilis
1159 3259 1291 3314 vultum?

217 3349 363 3425 Equidem
381 3371 442 3408 non
458 3354 566 3427 loquor
584 3351 620 3408 de
635 3352 759 3428 impuris
781 3353 932 3425 manibus,
950 3353 1059 3430 quibus
1076 3354 1220 3408 laceretur
1238 3353 1291 3408 Se-

218 3461 303 3514 neca,
316 3455 349 3500 ut
362 3442 472 3520 aliquis
483 3445 522 3500 ad
533 3445 612 3500 hunc
625 3445 837 3521 Panegyricum
850 3447 917 3517 XC,
932 3445 959 3501 6.
972 3446 1139 3501 Redeamus
1150 3442 1181 3498 in
1194 3443 1289 3513 viam,

218 3533 275 3593 hoc
283 3547 337 3607 est,
344 3536 383 3593 ad
390 3537 517 3595 Plinium
524 3538 952 3609 ethumanitatem.DeXLIX,
962 3540 1124 3610 l‚dicemns
1132 3537 1170 3592 ad
1178 3538 1254 3604 LVI,
1263 3553 1291 3590 a.

257 3630 370 3700 XLIX,
385 3629 413 3686 6.
432 3632 542 3686 Plenus
555 3631 618 3705 ipse
634 3642 663 3685 et
673 3643 805 3702 ructans,
825 3633 906 3707 quod
920 3633 1032 3709 placuit
1044 3629 1191 3700 Livineio,
1206 3627 1292 3684 Peri-

218 3721 315 3800 zonio,
326 3724 503 3794 Schwarzim
516 3723 588 3781 mihi
600 3743 736 3800 quoque,
750 3744 811 3781 non
826 3725 936 3800 patitur
946 3726 1047 3783 venire
1060 3725 1092 3779 in
1104 3724 1202 3780 locum
1214 3738 1293 3776 com-

218 3814 310 3891 positi
330 3827 359 3872 et
373 3815 508 3872 ἀσυνδέτου
513 3823 621 3893 plenus
634 3820 694 3893 q'ose
708 3829 847 3874 eructans.

239 3944 241 3949 «
258 3907 373 3979 XLIX,
384 3908 412 3964 8.
427 3912 595 3985 Peregrinae
606 3910 820 3985 superstitionis
831 3909 971 3981 mysteria
985 3927 1000 3964 e
1013 3910 1076 3965 MS.
1087 3906 1186 3963 Guelf.
1197 3915 1295 3962 mutat

219 3999 250 4054 in
259 4000 436 4070 ministeria,
450 4000 644 4078 intelligitque
654 4020 763 4076 pueros
773 4021 809 4058 ex
818 4005 958 4076 AEgypto,
972 3994 1175 4075 superstitiosa
1187 3996 1296 4074 procul

220 4091 312 4148 dubio
321 4104 416 4168 gente.
427 4095 485 4154 Sed
494 4113 566 4150 num
575 4095 789 4171 superstitionis
799 4113 901 4152 caussa
911 4095 1059 4152 arcessiti?
1072 4095 1297 4151 Alexandrinas
