2654 4830
323 390 385 454 AD
410 390 438 453 J.
465 386 503 453 A.
530 385 855 453 ERNESTIUM.
1040 410 1126 455 xum

86 513 183 581 XIX,
200 518 229 577 4.
241 509 301 567 Ubi
316 527 369 565 nos
375 509 582 583 probabantur
592 518 661 583 post
674 506 807 580 Lipsium
821 519 850 562 et
860 508 950 579 alios,
963 511 1131 583 probantur

48 604 133 680 legit,
145 604 229 680 quod
239 603 352 676 patior:
363 599 414 657 sed
426 601 578 677 quomodo
587 617 680 657 nexus
692 599 851 670 orationis,
864 599 947 675 quod
959 600 1043 674 dicit,
1054 603 1129 660 illud

53 698 198 775 postulet,
214 715 276 752 non
293 695 390 751 video.
487 696 489 701 '

87 805 208 873 XXIII,
216 801 243 858 5.
251 800 511 876 Augustauictimis
519 813 622 856 cuncta
629 800 704 856 bene
712 798 934 856 sehaberenihil
942 799 1126 861 dubitabam:

53 896 169 952 videtur
191 895 271 951 enim
287 895 350 968 ipsa
371 892 532 950 multitudo
550 893 717 950 hostiarum
733 894 771 949 ad
784 893 951 969 religiosam
970 897 1128 969 quamdam

54 989 251 1047 reverentiam
264 987 383 1063 aliquod
394 999 575 1043 momentum
587 986 705 1042 habere.
718 986 775 1045 Sed
788 987 871 1058 vide,
886 988 933 1042 vir
945 988 1127 1062 doctissime,

55 1100 157 1138 mnon
168 1080 275 1137 melius
285 1080 338 1153 sit,
351 1081 431 1157 qnod
442 1080 486 1139 Cl.
497 1079 675 1138 Arntzenius
688 1100 703 1135 e
713 1082 775 1136 MS.
789 1079 887 1136 Guelf.
899 1080 981 1136 dedit
992 1096 1128 1156 angusta.

54 1174 188 1231 Laudare
203 1185 322 1248 poterat
339 1175 378 1229 ad
393 1172 568 1229 firmandam
582 1171 657 1228 hauc
673 1171 831 1230 lectionem
845 1172 923 1228 infra
936 1176 1005 1245 LII,
1020 1195 1047 1247 7.

90 1281 206 1351 XXIV,
215 1300 243 1336 a.
254 1281 357 1337 Servat
369 1282 528 1356 eademque
538 1281 636 1335 omnia
649 1282 718 1352 illa,
731 1292 787 1335 etc.
800 1280 851 1336 sed
860 1300 908 1336 me
920 1281 1054 1336 nondum
1066 1299 1129 1356 poe-

57 1372 126 1428 nitet
140 1371 258 1429 dedisse
272 1374 375 1428 eadem
392 1394 468 1449 quoe.
492 1373 661 1443 Iudicabit,
679 1362 746 1428 uter
762 1359 877 1429 melius.
895 1374 948 1430 Hic
964 1372 1082 1430 nullum
1097 1375 1129 1431 iu

58 1463 137 1522 libris
147 1465 321 1538 praesidium
330 1485 401 1537 esse,
412 1467 503 1541 probe
511 1465 660 1543 intelligis,
669 1487 765 1541 quum
774 1487 869 1544 neque
878 1487 964 1525 voces
975 1481 1127 1546 separent,

60 1577 146 1632 neque
156 1547 365 1634 ⁸diphthongos
377 1558 546 1632 explanent.

94 1665 206 1721 XXIV.
222 1668 305 1721 Extr.
320 1667 396 1721 Bene
409 1662 480 1740 legit
495 1665 599 1719 humus
616 1666 671 1719 ista
686 1665 846 1720 coruruunis
860 1685 917 1742 pro
932 1666 975 1720 ita
989 1664 1127 1722 aliorum.

10 1750 14 1791 '·
63 1754 207 1813 suetiam

10 1866 12 1871 ·
95 1849 189 1919 XXV,
208 1857 241 1916 4,
257 1863 441 1924 exspectatus
453 1864 510 1920 cst,
523 1851 605 1925 quod
618 1851 681 1906 sine
695 1869 796 1907 caussa
809 1851 1068 1909 accommodarunt
1083 1871 1130 1910 se-

63 1943 157 2018 quenti
167 1944 391 2018 provisumque.
407 1937 498 2015 Quod

94 2049 204 2120 XXX,
217 2051 246 2121 3,
258 2051 353 2124 mergi
363 2054 554 2124 repararique
563 2053 689 2125 putanti
702 2070 789 2105 amne
796 2092 805 2117 ,
819 2051 992 2106 combinatis
1005 2051 1130 2108 diverso·

10 2154 13 2253 p
63 2161 119 2198 rum
129 2142 272 2198 codicum
283 2143 458 2199 lectionibus
469 2143 622 2211 dedimus;
641 2161 702 2198 non
711 2141 993 2216 probabilevidetur
1004 2146 1047 2200 CI.
1056 2144 1129 2215 viro,

10 2256 17 2291 t·
62 2233 202 2309 quosdam
212 2234 349 2291 librarios
360 2237 451 2306 hanc,
463 2234 535 2291 aIios
547 2237 670 2291 alteram
681 2254 784 2291 vocem
793 2234 934 2292 omisisse.
945 2234 1019 2291 Mihi
1032 2235 1130 2293 adhuc
1194 2254 1197 2261 ·

60 2329 150 2403 placet
170 2327 227 2386 illa
240 2329 333 2400 ratio,
355 2330 437 2404 quod
449 2332 597 2403 palleati,
615 2330 646 2383 in
666 2328 844 2403 quibusdam
860 2329 943 2385 libris
965 2341 1130 2405 repertum,

61 2425 201 2482 eruditius
221 2439 282 2498 est,
297 2446 384 2502 quam
399 2438 432 2482 ut
444 2426 566 2481 librario
585 2425 675 2482 tribui
697 2425 811 2501 possit:
824 2427 1016 2500 repararique
1034 2438 1132 2483 autem

60 2532 86 2575 et
98 2521 197 2594 ipsum
208 2521 323 2597 magnis
335 2519 563 2577 auctoritatibus
576 2518 725 2576 asseritur.
738 2523 809 2575 Mox

94 2627 202 2697 XXX,
219 2634 246 2695 4,
263 2646 319 2703 pro
330 2627 471 2682 detinenti
482 2630 544 2682 salo
557 2624 639 2682 dedit
655 2646 690 2683 ex
704 2629 768 2685 MS.
784 2628 935 2694 clementi,
951 2625 1033 2703 quod
1047 2627 1131 2682 dam—

60 2738 126 2774 nare
142 2738 207 2774 non
219 2720 312 2776 ausim
328 2732 426 2777 oerte‘:
440 2719 535 2777 multo
552 2721 650 2776 minus

95 2827 220 2897 XXXI,
234 2847 260 2893 1,
273 2846 462 2902 campumque
463 2827 623 2902 proestemi
625 2871 635 2897 ,
651 2845 707 2902 pro
724 2828 815 2883 altero
821 2829 990 2901 prosterni:
1008 2828 1129 2884 durius-

62 2919 156 2974 culum
173 2931 295 2987 autem,
312 2919 394 2996 quod

96 3013 220 3084 XXXI,
232 3014 262 3081 6,
273 3018 323 3070 Ita
334 3014 471 3087 beneficio
484 3025 531 3069 tuo
542 3033 593 3069 nec
603 3015 729 3088 benigna
739 3017 825 3070 tellus
833 3026 863 3070 et
872 3016 1032 3090 obsequens
1048 3016 1133 3070 Nilus

61 3104 127 3179 legit
143 3123 203 3178 pro
222 3107 376 3180 maligna.-
394 3100 618 3175 duriusculum,
634 3106 772 3179 inquam,
786 3108 838 3163 sed
859 3127 895 3163 ex
910 3108 994 3164 MSS.
1013 3118 1129 3177 tamen;

62 3209 89 3254 et
99 3198 139 3253 ita
150 3197 296 3272 explicat,
311 3198 400 3256 etiam
410 3217 472 3256 non
482 3198 610 3276 benigna
622 3199 708 3255 tellus
723 3199 888 3275 obsequens
902 3211 946 3255 est
959 3219 1019 3255 non
1032 3200 1132 3257 minus

62 3311 145 3368 mam
157 3292 255 3349 Nilus.

96 3387 249 3456 XXXIII,
264 3386 291 3442 3.
302 3386 386 3463 Legit
394 3385 579 3457 Arntzenius,
591 3387 682 3442 Nemo
699 3397 730 3441 et
739 3396 886 3461 spectator
895 3397 924 3440 et
934 3387 1132 3462 spectaculum

55 3471 163 3543 factus.
170 3475 264 3546 Vide,
277 3494 316 3532 an
328 3496 389 3533 nou
403 3475 624 3533 incommodum
633 3478 690 3534 boc
700 3475 807 3534 babeat
819 3495 852 3533 ea
860 3477 963 3546 lectio,
974 3476 1055 3552 quod
1072 3497 1134 3552 spe-

63 3579 153 3622 ctator
175 3567 262 3625 nullo
287 3587 377 3626 seusu
400 3568 484 3625 etiam
507 3568 545 3625 ad
557 3569 660 3640 factus
679 3569 720 3626 sic
740 3569 877 3626 refertur.
901 3571 1021 3638 Quanto
1038 3569 1134 3626 lenius

64 3671 90 3715 et
106 3662 233 3736 propius
253 3663 293 3719 ad
311 3661 549 3721 Schwarzianum
568 3662 716 3733 codicem,
735 3673 924 3737 aspectatore
937 3667 1134 3737 spectaculum

58 3751 184 3821 suctus?

101 3849 267 3917 XXXV,4.
277 3848 418 3906 Nondum
424 3848 682 3923 poenitetdedisse‚
692 3861 735 3904 tot
741 3868 786 3903 res
793 3848 849 3904 illis
855 3848 1001 3918 adjecisti,
1015 3838 1137 3922 propter

10 3940 13 3947 '
66 3936 146 4012 quas,
163 3952 230 4011 etc,
245 3941 313 3998 licet
328 3943 373 3997 illi
385 3955 501 3999 tueatur
519 3945 561 4002 Cl.
576 3942 755 4000 Arntzenius
771 3962 777 3997 :
793 3943 846 4017 qni
861 3943 950 3999 etiam
966 3942 999 3997 in
1013 3960 1047 3997 eo
1064 3938 1136 3997 mihi

67 4051 121 4089 non
134 4033 298 4107 satisfacit,
317 4035 400 4112 quod
414 4055 482 4093 mox
497 4035 586 4112 legit,
594 4055 744 4112 perquam
759 4055 872 4111 magna
889 4038 1027 4110 quadam
1044 4033 1136 4088 edicto

69 4127 116 4180 tibi
122 4129 326 4199 adstruxerat,
339 4128 467 4204 miliique
472 4129 634 4203 reliquisse,
645 4129 702 4184 nisi
713 4127 769 4182 tibi
776 4126 932 4183 uidebatur
938 4147 950 4194 ,·
963 4136 1052 4200 atque
1063 4121 1137 4177 illud
