2648 4830
513 345 798 415 SCHAEFERI.
1124 374 1196 421 1111.

113 515 185 572 teae
205 496 319 568 aetatis
331 492 561 565 Latinitatem
575 515 692 589 prope
705 490 903 563 illibatam¹
923 511 1194 569 conservarunt

114 622 241 712 Adeo,
261 616 366 715 quod
384 615 498 687 bonis-
513 613 614 685 libris
638 615 715 686 aliis
735 617 863 703 exitio,
883 615 938 687 his
961 619 1066 688 etiam
1089 620 1199 691 saluti·

116 745 210 831 luit,
228 739 333 840 quod
352 737 475 810 medio
496 762 571 809 aevo
593 739 632 808 iu
651 736 956 810 bibliothecarum
975 742 1114 838 angulis
1131 767 1195 814 ne·

117 868 246 967 glcetae
258 866 473 961 jacuerunt,
488 885 556 932 nec
576 860 725 931 literatis
740 861 952 934 hominibus
967 862 1196 961 librariisque

118 990 240 1087 dignae
258 989 343 1058 visae
361 999 467 1073 sunt,
489 1009 569 1080 quae
591 1008 611 1054 a
629 984 752 1055 multis
774 985 990 1082 legerentur.
1013 989 1127 1060 Testis
1144 1001 1199 1059 est

119 1111 342 1185 Vincentius
365 1107 643 1192 Bellovacensis,
675 1107 793 1178 saeculi
819 1113 922 1196 XIII,
946 1111 1102 1207 scriptor
1127 1135 1198 1181 suae

122 1236 240 1307 aetatis
269 1232 517 1320 doctissimus,
547 1231 611 1326 qui
636 1228 750 1299 Plinii
772 1230 940 1328 epistolas
965 1232 1020 1302 ad
1039 1233 1199 1305 diversos

124 1364 266 1430 circiter
275 1371 418 1428 centum
432 1359 584 1457 reperire
601 1378 639 1424 sc
655 1366 796 1424 tantum
814 1356 975 1452 potuisse
990 1355 1200 1444 confitetur,

127 1480 268 1580 speculi
280 1479 474 1550 historialis
487 1477 549 1548 lib.
562 1482 615 1566 X,
627 1501 704 1575 cap.
722 1475 782 1573 67,
796 1477 971 1573 reliquas,
986 1503 1067 1575 quae
1078 1479 1203 1577 plures

129 1607 240 1676 etiam
268 1627 424 1673 numero
447 1616 548 1690 sunt,
574 1626 650 1671 non
680 1600 781 1671 vidit.
808 1602 978 1673 Decimus
1000 1601 1092 1672 liber
1119 1617 1203 1673 ante

131 1726 305 1798 saeculum
322 1729 407 1796 XVI
430 1726 468 1794 in
490 1725 609 1797 lucem
629 1749 706 1795 non
729 1725 896 1814 emersit,
925 1749 993 1796 nec
1018 1724 1102 1796 libri
1120 1730 1205 1796 VIII

133 1864 170 1921 et
190 1855 243 1921 IX
262 1871 392 1921 omnes
415 1848 573 1946 epistolae
595 1847 720 1946 primis
739 1846 959 1919 editionibus
975 1848 1112 1944 vulgari
1135 1871 1205 1945 po·

134 1986 297 2044 tuerunt.
313 1972 406 2042 Hinc
419 1996 499 2042 rara
514 1969 611 2069 apud
621 1970 730 2042 medii
739 1972 803 2042 aevi
818 1972 1012 2070 scriptores
1020 1971 1125 2041 Plinii
1141 1972 1206 2040 mi-

137 2098 235 2167 noris
257 2096 396 2166 mentio
418 2119 459 2166 ac
475 2117 590 2192 prope
610 2094 709 2165 nulla
730 2109 795 2166 est.
818 2098 937 2185 Quam
950 2095 1044 2165 male
1056 2118 1144 2165 vero
1160 2093 1206 2163 li-

137 2217 247 2290 brarii
268 2217 315 2289 de
333 2217 410 2288 aliis
430 2219 549 2289 meriti
563 2216 715 2307 fuerint,
733 2242 827 2315 quos
840 2220 968 2315 saepius
987 2231 1023 2288 et
1040 2219 1079 2287 in
1102 2216 1219 2314 plura,

81 2405 83 2414 .
139 2341 356 2439 exemplaria
378 2344 696 2440 transcripserunt,
729 2355 838 2412 testes
864 2355 971 2411 erunt
999 2340 1210 2436 sempiterni

141 2468 285 2551 Cicero,
297 2463 498 2553 Sallustius,
512 2465 673 2551 Curtius,
682 2464 845 2534 Valerius
856 2465 1053 2550 Maximus,
1065 2462 1208 2551 Florus,

141 2590 324 2676 Iustinus,
337 2589 560 2676 Lactantius,
576 2612 670 2684 quos
691 2589 853 2684 ipsorum
871 2586 1125 2657 dissimillimos
1143 2610 1208 2656 no·

142 2710 197 2782 bis
223 2710 463 2806 reliquerunt.
490 2711 567 2780 Etsi
592 2733 678 2780 vero
704 2710 743 2778 in
768 2709 872 2778 Plinii
895 2709 1065 2806 epistolas
1089 2710 1209 2778 minus

146 2857 254 2931 quam
271 2834 311 2903 in
327 2847 490 2918 caeteros,
510 2856 603 2928 quos
620 2831 709 2921 dixi,
731 2831 923 2928 scriptores
936 2832 1125 2928 antiquos,
1142 2829 1210 2903 ho-⁴

145 2958 284 3027 minum
295 2955 439 3025 illorum
448 2956 595 3025 inscitiae
605 2969 641 3026 ct
650 2953 805 3025 audaciae
814 2954 1021 3042 licuit3non
1030 2956 1079 3024 ita
1088 2970 1212 3025 tamen

147 3080 375 3176 incorruptas
400 3093 437 3149 et
459 3079 758 3150 incontaminatas
778 3100 837 3148 eas
853 3078 897 3148 ad
918 3103 985 3149 nos
1006 3081 1212 3175 pervenisse

149 3202 318 3300 apparet,
339 3215 380 3271 ut
400 3200 491 3270 nihil
508 3203 659 3272 omnino
673 3199 771 3281 labis
795 3201 979 3272 insederit.
999 3202 1113 3271 Multa
1131 3202 1212 3296 qui·

151 3323 232 3397 dem
248 3329 454 3413 Catanaeus,
470 3324 575 3421 plura
588 3337 671 3422 post
687 3348 770 3395 eum
787 3328 896 3394 Henr.
915 3324 1135 3422 Stephanus,
1150 3326 1229 3394 Ca-.

152 3447 747 3536 saubonus,Gruterus,Barthius,
759 3445 1215 3535 Schefferus,BuchneruS,

154 3573 380 3662 Gronovius,
397 3569 626 3658 Thomasius,
646 3569 817 3641 Ccllarius
837 3571 919 3664 jure
945 3568 1013 3640 sibi
1039 3570 1105 3639 visi
1133 3585 1218 3641 sunt

155 3693 525 3767 emendassethorum
540 3709 661 3765 tamen
677 3695 840 3764 omnium
860 3691 986 3762 oculos
1007 3718 1084 3764 non
1104 3718 1220 3791 pauca

157 3815 346 3913 fugerunt,
362 3842 440 3912 quae
458 3818 572 3887 Cortii
589 3841 723 3914 nuper,
739 3831 775 3887 et
789 3816 953 3913 proxime
969 3820 1135 3907 Gesneri,
1153 3819 1221 3887 viri

199 4004 208 4028 ¹
224 3994 307 4051 Conf.
328 4006 438 4064 nmen,
460 4013 523 4070 quae
540 3998 564 4052 J.
585 3999 621 4051 A.
638 3978 786 4051 Ernestius
804 3993 835 4050 in
851 3994 907 4050 fine
925 3995 1091 4053 notularum
1105 4011 1222 4052 suarum

163 4082 198 4141 de
211 4084 307 4151 multis
322 4086 490 4165 magnisque
503 4085 646 4145 librorum
658 4086 743 4145 Plinii
755 4086 832 4150 vitiis
843 4088 962 4145 monuit.
1204 4091 1206 4096 “
