2648 4830
46 409 1064 436 mmfflfflmmmmmmmmmmmmmmmffi
1070 412 1114 429 W!

439 635 710 769 VITA

66 925 116 1030 c.
153 926 392 1028 rtrnn
425 926 732 1030 euertit
766 925 1112 1030 succum.

487 1145 677 1198 AUCTORE

159 1323 648 1406 CHRISTOPHORO
677 1323 999 1404 CELLARIO.

337 1528 831 1566 ψ

10 1698 12 1705 ’
57 1657 184 1763 Crrns
207 1691 334 1757 Piinius
355 1691 502 1756 Caecilius
529 1691 697 1756 Secundus
723 1693 904 1779 municipio
930 1694 1051 1774 Cornu,
1077 1694 1121 1759 ad

58 1804 177 1869 larium
191 1801 300 1863 lacum
317 1799 353 1862 in
366 1798 595 1886 Transpadana
611 1799 692 1879 sito,
712 1815 802 1862 ortus
819 1798 891 1868 fuit.
911 1799 1016 1863 Patria
1032 1801 1121 1865 enim

58 1908 268 1996 municipium
280 1921 348 1968 erat
361 1902 418 1984 IV,
432 1903 489 1981 13,
505 1903 544 1985 3,
565 1904 650 1968 circa
668 1905 798 1967 Larium
815 1906 923 1967 lacum
939 1904 1001 1991 (ι),
1022 1928 1122 1993 quem

58 2015 170 2081 idcirco
187 2035 279 2077 suum
294 2009 435 2098 appellat
455 2010 505 2089 11,
524 2009 562 2082 8,
587 2033 622 2091 1,
647 2026 679 2073 et
692 2010 754 2089 Vl,
777 2015 838 2091 24,
859 2032 900 2087 α,
915 2010 1004 2094 juxta
1022 2033 1122 2098 quem

59 2121 136 2187 vittas
165 2115 398 2183 amoenissimas
423 2113 610 2201 possidebat
637 2117 703 2197 lX,
730 2140 769 2203 7,
794 2117 850 2203 qui
880 2117 960 2178 situs
989 2119 1123 2181 Comum

61 2224 178 2290 abunde
194 2221 356 2310 designat,
375 2219 465 2306 quod
479 2220 609 2283 delicias
623 2244 695 2284 suas
709 2221 742 2296 1,
760 2221 797 2302 3,
812 2244 841 2301 1,
857 2237 971 2301 vocat,
987 2237 1026 2284 ut
1036 2221 1123 2284 nihil

62 2329 92 2394 de
105 2324 378 2414 inscriptionibus
396 2321 480 2387 inira
496 2324 719 2413 producendis
737 2324 785 2413 (a)
809 2326 963 2405 referam,
991 2327 1024 2387 in
1044 2348 1123 2415 agro

62 2431 224 2523 etoppido
243 2429 396 2493 Comensi
412 2431 558 2516 repertis.
579 2429 780 2492 Veronenses
803 2429 937 2515 quidem
962 2431 1029 2517 ipse
1054 2454 1124 2495 suos

64 2536 130 2604 dixit
147 2539 218 2618 Vl,
244 2536 306 2617 34,
326 2558 360 2614 1,
384 2557 499 2598 rerum
524 2534 708 2622 adoptionis
727 2535 817 2622 iege,
846 2538 923 2623 quia
945 2537 1124 2601 avunculus

64 2642 194 2722 Plinius,
207 2641 389 2730 adoptione
401 2657 503 2729 pater,
515 2640 713 2705 Veronensis
726 2640 805 2719 fuit,
823 2658 858 2704 ut
871 2659 946 2728 post
958 2643 1125 2730 Onuphrii

10 2748 12 2756 ’
65 2749 263 2834 probationes
277 2747 329 2809 vel
349 2768 434 2808 unus
453 2745 554 2832 lapis,
572 2747 607 2806 in
623 2745 693 2832 ripa
711 2746 829 2808 Benaci
845 2747 1013 2830 inventus,
1033 2764 1063 2811 et
1081 2746 1123 2811 ab

10 2857 14 2868 '
66 2850 204 2919 Rainesio
223 2851 372 2940 Inscript.
386 2851 453 2930 XI,
473 2873 529 2932 11,
549 2873 736 2937 expressus,
756 2851 831 2914 satis
849 2851 933 2914 clare
950 2852 1000 2914 his
1017 2852 1124 2916 verbis

13 2979 16 2991 ·
68 2960 218 3026 ostendit:

122 3088 126 3099 “
196 3115 228 3162 e.
254 3091 724 3185 rainl...vnn0nnns1s

283 3219 610 3266 emanaturum
635 3221 672 3264 n.
699 3222 774 3267 n...

70 3337 208 3419 dunum,
227 3360 296 3426 quo
313 3354 407 3400 natus
420 3335 502 3415 fuit,
522 3358 587 3399 non
604 3336 743 3401 obscure
755 3337 927 3421 indicavit,
944 3362 1046 3428 quum
1058 3341 1126 3404 Ve—
1236 3330 1239 3335 ¹

71 3446 145 3511 turio
160 3444 298 3509 ardente
316 3441 617 3505 duodevicesimum
636 3465 669 3506 se
687 3443 839 3508 habuisse
858 3444 955 3508 tradit
973 3445 1040 3524 VI,
1064 3467 1124 3525 uo,

10 3586 12 3609 t
71 3546 98 3631 5,
115 3553 170 3639 qui
186 3551 254 3614 Titi
273 3551 403 3613 Caesaris
421 3549 547 3636 primus
563 3548 644 3627 fnit,
663 3550 769 3613 Dione
787 3552 895 3614 Cassio
913 3567 1125 3617 memorante.

71 3652 93 3716 ti
107 3655 195 3720 addis
212 3676 332 3718 novem
351 3673 454 3716 annos
468 3653 674 3740 Vespasiani,
702 3671 733 3717 et
752 3678 876 3735 unum,
901 3678 938 3718 ac
963 3656 1054 3742 quod
1073 3681 1127 3723 ex-

21 3834 24 3842 ]
72 3763 174 3843 currit,
197 3761 404 3826 scenicorum
426 3758 613 3847 principum
624 3760 640 3840 3'
661 3760 789 3823 circiter
810 3777 900 3826 sexto
918 3761 1060 3827 Neronis
1080 3764 1128 3851 (3)

83 3909 86 3916 Ι
95 3929 247 4000 (1)Apertus
254 3926 283 3978 iu
289 3924 383 3996 primis
392 3924 466 3976 lucus
473 3924 567 3997 estly,
653 3926 689 3993 (2)
697 3924 874 3996 subjicientur
884 3927 970 3980 statim
981 3928 1044 3980 huic
1056 3928 1127 3980 ritae.

75 3999 107 4068 3ο,
117 4025 139 4072 1,
149 4007 196 4061 uhi
204 4026 236 4060 ex
241 4007 332 4074 patria
340 4025 386 4056 sua
396 4003 568 4075 questionem
653 4004 691 4071 (3)
698 4006 766 4054 AErac
773 4005 890 4076 vulgaris
899 4011 943 4059 62.
951 4006 1031 4058 Urbis
1039 4005 1126 4058 Cond.

75 4096 94 4133 te
103 4085 211 4139 attulisse
224 4084 278 4149 ait,
291 4101 351 4155 quta
363 4084 475 4156 pertinet
486 4082 569 4137 adri·
618 4083 734 4135 Varrou.
755 4083 816 4135 815.
831 4085 969 4137 Massonus
983 4085 1018 4137 ad
1031 4085 1127 4144 XVII,

77 4158 156 4218 titiam
165 4167 253 4219 Lacus
266 4161 349 4218 Larii.
619 4173 645 4212 et
653 4162 738 4214 XXV.
752 4163 899 4230 (Nimirum
911 4165 947 4216 sic
961 4162 1130 4233 laudabimus

923 4253 972 4316 D.
