2648 4830
159 651 259 758 JO.
293 648 659 754 MATTHIAE
692 649 1026 755 GESNERI

574 896 626 947 AD

65 1111 178 1231 lO.
223 1104 719 1229 AUGUSTUM
761 1106 1133 1232 ERNESTI

138 1406 142 1415 .
186 1375 295 1415 COH-
317 1370 428 1411 ΝΟΜ.
451 1371 546 1408 APUD
568 1369 789 1408 ursmsns
810 1372 1003 1412 REC'I'ORH

355 1563 841 1702 EPISTOLA

65 1866 133 1925 Qua
159 1864 261 1912 SUAM
286 1863 395 1908 PLlNll
422 1862 584 1909 wittonis
613 1861 809 1907 EDITIONEM
834 1863 900 1908 VEL
926 1866 1136 1916 Emanium

240 2004 309 2048 VEL
334 2002 557 2049 DEFENDENDI
583 2001 715 2047 CAUSSA
741 2002 956 2051 RETRACTAT.

404 2204 797 2238 ...dot-...-

127 2447 183 2493 no
201 2437 354 2514 tempore
374 2419 532 2488 reducem
551 2443 569 2486 e
589 2419 755 2512 Lipsiensi
774 2420 867 2514 prelo
886 2422 1032 2494 Plinium
1049 2429 1137 2497 acci·

61 2535 138 2627 pio,
161 2556 230 2600 una
248 2531 333 2598 mihi
351 2529 503 2597 redditur
523 2528 664 2622 epistola
682 2544 756 2613 tua,
774 2522 934 2618 nuuisrr,
950 2514 1001 2602 vir
1019 2536 1139 2605 doctis-

62 2644 162 2729 sime,
174 2656 210 2709 et
223 2640 338 2709 animo
350 2663 425 2706 meo
438 2639 617 2708 carissime.
628 2641 704 2708 Non
720 2640 808 2727 dico,
819 2644 1003 2734 jucundam
1020 2646 1140 2734 fuisse3

63 2754 144 2821 satis
155 2766 223 2837 est,
235 2748 327 2844 quod
342 2774 362 2816 a
378 2764 410 2817 te
420 2748 494 2816 fuit.
509 2748 573 2817 Sed
586 2748 730 2842 amplius
743 2750 901 2843 quiddam
917 2754 951 2820 in
966 2779 1004 2822 ea
1015 2758 1141 2848 reperi,

64 2858 288 2954 quodnonad
297 2882 378 2926 meae
387 2872 518 2925 tantum
526 2857 708 2952 voluptatis
716 2857 875 2943 fructum,
883 2864 1141 2934 sedadaliorum

64 2994 204 3064 quoque
224 2966 405 3036 utilitatem
425 2966 656 3051 referendum,
676 2969 788 3036 statim
804 2972 1011 3062 judicabam,
1037 3000 1143 3068 quum

66 3105 136 3148 una
164 3079 249 3147 mihi
276 3077 483 3171 significaret
502 3080 631 3171 Caspar
651 3077 837 3147 Fritschius
862 3097 993 3166 noster,
1012 3083 1039 3151 si
1061 3083 1144 3176 quid

66 3189 180 3258 Plinio
200 3187 427 3282 adjiciendum
442 3187 617 3271 haberem,
631 3203 763 3282 tempus
779 3190 888 3258 adhuc
908 3217 995 3274 esse,
1012 3195 1145 3285 paucis-

68 3301 163 3368 simis
180 3302 254 3392 ejus
272 3296 432 3392 exemplis
447 3322 551 3365 manu
569 3298 663 3390 quasi
682 3299 820 3367 emissis.
839 3302 975 3386 Statim,
991 3302 1146 3393 inquam,

69 3408 251 3480 consilium
260 3409 389 3501 arripui
400 3407 604 3493 errores‚vel
621 3432 713 3475 meos
723 3461 733 3494 ,
745 3407 795 3475 vel
814 3434 1007 3502 operarum,
1018 3408 1058 3474 de
1073 3409 1147 3502 qui-

70 3520 134 3590 bus
148 3545 211 3588 nos
228 3518 453 3600 admonuisti,
466 3519 666 3586 sententiam
680 3519 721 3586 de
738 3519 938 3610 quibusdam
958 3517 1039 3586 locis
1054 3533 1148 3587 tuam

72 3654 185 3697 amca
204 3627 451 3710 discedentem,
469 3642 502 3695 et
522 3629 549 3695 si
573 3628 654 3720 quid
673 3626 764 3695 aliud
782 3643 972 3696 occurreret
991 3627 1148 3698 salutanti

73 3738 284 3834 postliminio
307 3738 404 3830 quasi
423 3737 465 3803 ad
487 3762 540 3804 me
564 3737 758 3805 redeuntem
777 3738 944 3823 Plinium,
961 3764 999 3807 ea
1020 3743 1149 3827 omnia,

75 3848 216 3943 epistola
230 3846 378 3940 quadam
393 3848 650 3940 comprehensa,
660 3847 702 3913 ad
714 3863 747 3914 te
760 3849 915 3917 mittendi
931 3851 1043 3943 :quod
1058 3866 1151 3919 tanto

77 3959 184 4052 magis
196 3957 282 4026 mihi
298 3955 426 4051 placuit
435 3955 630 4040 consilium,
641 3982 744 4048 quum
753 3958 868 4025 eodem
880 3974 1030 4052 tempore
1044 3959 1085 4026 ad
1099 3984 1153 4026 me

79 4068 305 4161 pervenisset,
322 4091 424 4161 quem
443 4066 539 4137 avide
555 4065 615 4136 diu
630 4082 914 4159 exspectaveram,
929 4068 1153 4161 Panegyricus

982 4179 1009 4242 C
