2654 4830
376 376 378 381 '
455 361 736 430 SCHAEFERI.
1068 389 1127 433 xxi
1183 455 1194 476 α

53 529 177 584 taenea
192 528 235 583 ut
245 513 364 583 verior
379 508 487 580 lectio
501 524 614 597 esset,
629 532 782 580 conarer
797 508 916 606 legere
932 537 940 576 ε
956 514 1032 609 Ego
1045 536 1128 583 eon·

54 656 175 713 tracta
198 637 338 727 scribo,
361 637 398 708 id
419 652 493 725 est,
512 639 550 707 in
570 636 832 736 compendium
855 661 875 707 a
897 661 955 708 me
974 639 1128 711 redacta.

53 766 319 838 Proconsulem
338 765 435 836 enim
454 765 574 862 ipsum
588 788 652 834 sua
672 787 785 834 manu
802 787 849 834 ex
865 761 1129 856 iselasticorum

53 894 183 965 charta
201 895 241 964 in
258 915 437 991 papyrum
459 891 744 989 transcripsisse,
765 888 998 960 librariorum
1018 915 1130 988 opera

54 1044 137 1091 non
163 1043 291 1107 usum,
323 1017 424 1115 quod
454 1019 590 1089 Petitus
606 1019 755 1107 uoluit,
775 1016 946 1089 credibile
973 1043 1048 1089 non
1075 1017 1127 1089 fit.

55 1148 182 1240 Quid?
207 1149 236 1218 si
255 1145 418 1218 libellum
439 1145 673 1236 obtulerunt,
697 1146 832 1217 Plinius
860 1147 980 1244 ipsum
1003 1171 1129 1218 eorum

56 1275 326 1372 autographum
343 1280 515 1363 Romam,
535 1272 667 1362 credo,
685 1275 849 1345 misisset.
866 1273 937 1344 Sed
954 1274 1062 1346 lectio
1079 1280 1130 1346 ita

56 1418 183 1473 tamen
202 1417 243 1472 at
255 1401 400 1473 videtur
416 1416 495 1472 orta
514 1426 559 1472 ex
577 1416 772 1500 corrupto,
792 1417 829 1472 et
846 1428 923 1473 non
944 1402 1129 1474 intellecto

60 1538 185 1627 itaque
206 1553 339 1600 eorum.
362 1533 405 1600 ln
424 1544 590 1600 mentem·
609 1529 698 1598 mihi
714 1531 831 1615 venit,
853 1528 947 1601 forte
972 1529 1128 1602 Plinium

58 1659 112 1730 sic
136 1659 342 1754 scripsisse:
362 1663 438 1755 Ego
464 1671 589 1727 contra
607 1655 736 1728 scilicet
761 1665 838 1755 ipso
856 1657 1027 1729 Iselastici
1049 1658 1129 1754 (vel

57 1782 354 1878 iselasticorum)
378 1785 526 1855 nomine
555 1788 605 1854 ita
623 1808 769 1855 moveor
794 1783 872 1881 (vel
895 1786 1062 1882 urgeor),
1087 1801 1131 1858 ut

62 1909 301 1981 vehementer
321 1907 551 1999 addubitem,
573 1924 640 1981 etc.
668 1911 704 1979 Si
725 1909 830 1979 Plinii
853 1911 1035 2007 integrum
1060 1918 1130 1982 sci-

63 2035 148 2106 licet
157 2033 295 2106 librarii
309 2036 527 2133 posteriores
540 2060 642 2107 more
659 2035 727 2106 sibi
742 2050 917 2107 consueto
930 2036 969 2105 in
979 2059 1026 2106 sc.
1041 2060 1128 2106 con·

63 2176 264 2249 traxerant,
282 2161 396 2233 scribo
414 2160 516 2234 facite
533 2164 721 2234 nasutulus
737 2164 884 2261 quidam
904 2188 972 2261 pro
987 2188 1036 2237 sc.
1052 2170 1129 2263 ipso

63 2286 233 2359 obtrusit.
250 2290 286 2359 Si
302 2289 510 2380 Florentiae,
530 2316 610 2389 quae
634 2292 813 2387 ejusmodi
834 2294 997 2387 κειμηλίοις
1019 2317 1130 2363 mem·

63 2412 212 2485 braneis
231 2415 288 2485 vel
305 2415 501 2487 chartaceis
524 2416 703 2514 superbit,
726 2416 842 2489 codex
859 2417 962 2489 Plinii
980 2423 1052 2490 MS.
1072 2419 1130 2490 in·

63 2542 249 2627 veniatur,
272 2566 355 2612 eum
377 2543 553 2640 inspicere
575 2569 621 2614 ne
640 2543 878 2641 dedigneris.»

110 2665 235 2755 Nihil,
253 2667 352 2764 quod
370 2665 508 2739 nodum
526 2668 628 2739 illum
648 2671 780 2759 solvat,
799 2673 837 2741 in
861 2671 1036 2743 thesauris
1055 2672 1130 2742 Flo·

63 2799 293 2866 rentinarum
320 2794 621 2867 bibliothecarum
647 2798 819 2894 reperiri,
844 2800 1000 2869 amicum
1026 2799 1130 2870 docet

65 2926 201 2994 Gorius
219 2948 299 3022 pag.
324 2922 405 3010 466.

108 3055 285 3148 Panegyr.
305 3050 371 3149 76,
388 3051 465 3122 init.
478 3052 626 3149 Scripsit
644 3053 690 3123 de
704 3053 777 3124 hoc
791 3054 872 3124 loco
891 3055 929 3122 in
946 3058 1130 3151 Program-

61 3192 158 3248 mate
178 3177 470 3267 Filienscherius,
488 3183 621 3250 Rector
637 3182 744 3277 Lycei
761 3180 1042 3253 Culmbacensis.
1062 3186 1131 3252 De·

61 3302 143 3374 letis
155 3301 301 3375 duabus
308 3302 476 3391 vocibus,
494 3307 712 3397 tutumfitit,
728 3322 938 3404 mutataque
948 3307 1131 3405 interpun-

59 3429 203 3515 ctione,
234 3429 283 3499 sic
309 3428 395 3526 legit
419 3454 426 3496 :
450 3454 563 3526 qaum
571 3483 699 3502 ......
707 3430 855 3527 ageres!
873 3437 1133 3531 Interrogavit:

57 3564 217 3653 quisque
227 3610 238 3642 ,
258 3558 361 3654 qaod
366 3556 536 3655 placuit,
556 3556 741 3632 dissentire
749 3616 853 3634 .....
864 3618 873 3652 ,
883 3565 1023 3652 fircere.
1050 3566 1131 3636 Dis·

56 3684 175 3781 plicet
200 3683 277 3756 haec
302 3687 394 3756 ratio
420 3687 593 3783 perinde,
617 3711 657 3758 ac
683 3688 949 3779 Schwarziuna,
975 3696 1005 3760 J.
1026 3697 1128 3763 Fran.

56 3811 232 3901 Hereli0,
253 3815 312 3884 cui
335 3814 470 3885 Plinius
497 3813 641 3886 videtur
661 3816 844 3913 scripsisse
868 3844 874 3885 :
900 3843 1011 3913 quam
1022 3872 1125 3889 .....

57 3937 210 4035 ageres!
228 3941 386 4037 Quisque
399 3940 502 4038 quod
511 3941 675 4039 placuit,
692 3943 889 4016 dissentire.
906 4001 914 4016 .
930 4001 938 4016 .
954 4001 981 4035 .,
990 3949 1131 4036 facere.

58 4066 142 4141 tid.
165 4071 424 4166 Magaziufiir
441 4067 665 4170 Philologea.
686 4073 982 4179 Heraasgegebea
1002 4098 1080 4170 von·
1092 4077 1134 4148 G.
