2648 4830
326 365 399 433 AD
423 367 453 432 J.
480 365 521 432 A.
548 355 877 434 ERNESTIUM;
1081 379 1140 425 ιιι

8 536 10 543 .
66 489 202 558 humane,
224 497 257 543 et
276 495 313 542 ut
328 486 413 542 decet
435 483 536 543 literas
554 497 687 556 nostrus,
707 500 822 538 mecum
843 478 918 554 egit,
935 475 1044 554 gratias
1061 496 1141 554 ago;

66 579 139 655 quod
149 577 293 652 ascripto
306 597 337 634 se
353 579 400 634 vix
412 596 446 635 ac
459 597 497 634 ne
508 578 556 634 vix
565 579 687 653 quidem
699 573 849 633 demoveri
859 571 984 647 patitur,
997 569 1101 645 laudo,
1111 585 1142 630 et

68 671 213 751 commode
228 670 364 728 accidere
378 670 472 728 Plinio
488 672 634 742 arbitror3
649 669 732 748 quod
750 667 872 725 seorsim
886 685 903 721 a
918 683 967 721 me
983 663 1072 719 sentit
1085 662 1142 720 ali-

68 765 191 840 quoties,
206 785 272 821 nou
286 765 381 821 miror
386 784 396 834 ;
413 782 474 821 nou
487 783 563 841 segre
584 765 647 820 fero
667 761 803 841 quaedam
819 760 919 837 paullo
935 758 1142 816 inclementius

68 857 149 930 dcta,
162 857 281 932 siquid
295 856 352 935 ipsi
367 857 487 928 excidit,
501 876 563 914 non
576 858 703 932 exagito.
717 856 774 913 Sed
789 873 886 928 neque
901 853 1037 908 futurum
1053 860 1141 924 puto,

69 963 94 1007 ut
101 953 251 1009 irascatur
263 951 312 1008 vir
323 951 569 1022 humanissimus,
582 951 607 1008 si
622 951 726 1008 eodem
740 948 885 1018 candore,
900 964 960 1021 quo
973 964 1036 1000 mea
1049 943 1143 1018 ipsius

68 1056 151 1101 errata
163 1063 231 1101 non
242 1042 414 1115 dissimulo,
427 1044 596 1122 eademque,
607 1065 666 1120 qua
678 1045 740 1119 ipse
753 1043 784 1098 in
797 1041 870 1098 meis
882 1039 985 1110 utitur,
997 1038 1140 1107 libertate,

67 1155 109 1193 uec
124 1137 201 1193 mihi
224 1136 360 1213 undique
380 1138 517 1211 probari,
538 1157 602 1212 quae
624 1139 681 1211 ipsi
704 1136 797 1205 dixit,
812 1133 925 1203 omnia,
939 1130 1096 1208 profitear,
1112 1140 1142 1188 et

67 1229 194 1304 quaedam
206 1248 314 1285 eorum
327 1228 375 1286 hic
386 1228 528 1301 indicem,
541 1230 684 1288 utstatim
697 1229 786 1299 illud,
799 1226 881 1304 quud

95 1351 133 1420 11,
150 1347 181 1418 5,
196 1347 309 1404 retinet
319 1347 440 1424 quidem
452 1350 609 1423 dagnosque
625 1367 677 1403 nos
690 1348 768 1402 illius
784 1365 835 1400 usu
846 1344 1012 1418 probemus,·
1024 1342 1074 1398 sed
1087 1360 1140 1398 or-

67 1449 115 1495 tam
131 1438 307 1514 auspicatur
324 1440 399 1495 bano
420 1439 577 1495 lectionem
596 1460 632 1496 ex
648 1438 794 1514 repetitis,
809 1456 892 1493 more
915 1436 986 1493 alias
1009 1436 1139 1508 solenni,

65 1531 173 1590 duabus
189 1533 284 1589 literis
295 1534 343 1590 VS
354 1533 384 1588 in
402 1533 524 1590 vocibus
546 1533 659 1589 duabus
680 1544 824 1608 perpetuo
844 1543 945 1585 tenore
963 1528 1079 1605 scriptis
1095 1549 1140 1586 11.-

65 1642 158 1696 rnuu,
179 1645 279 1700 quum
293 1637 390 1683 tamen
401 1627 572 1701 simpliciter
584 1627 642 1702 legi
656 1625 793 1682 debuerit
807 1625 854 1679 illi
867 1643 930 1678 usu.
944 1622 1010 1678 Non
1024 1642 1138 1694 vereor,

63 1717 161 1773 ueboc
174 1716 286 1791 probes
299 1737 358 1792 prae
373 1738 403 1775 ea
417 1719 554 1791 lectione,
567 1739 657 1796 quam
668 1737 721 1776 nos
734 1717 882 1786 dedimus,
896 1734 1043 1793 quamque
1053 1716 1138 1772 Peri·

63 1808 142 1864 aonio
154 1808 247 1865 etiam
260 1810 430 1884 probatam,
443 1812 486 1869 Cl.
499 1811 676 1869 Arntzenius
688 1811 774 1868 docet
781 1853 790 1881 ,
806 1808 858 1887 qui

95 1917 150 1983 111,
167 1935 194 1984 1,
213 1920 389 1971 aemulemur
398 1916 493 1985 dedit,
504 1917 556 1974 ubi
567 1914 636 1994 nos}
651 1916 783 1972 Livineio
798 1916 935 1992 etLipsio
948 1913 1136 1986 auctoribus,

60 2008 223 2076 oemuletur,
234 1998 315 2082 qubd
327 2008 431 2065 melius
442 2009 584 2065 nimirum
595 2008 808 2085 intelligebam,
822 2019 850 2064 et
861 2008 1061 2064 intellecturos
1074 2026 1136 2083 spe-

58 2098 160 2156 rabam
176 2100 260 2155 alios.
274 2099 363 2157 Plane
377 2114 475 2158 autem
491 2102 595 2173 laudo,
610 2101 691 2176 quod

95 2207 148 2278 IV,
160 2227 188 2274 1,
201 2226 239 2262 ex
247 2206 330 2264 libris
339 2207 467 2285 antiquis
474 2209 584 2284 posuit,
596 2211 650 2264 sed
650 2209 818 2284 parendum
826 2219 867 2264 est
876 2210 1132 2274 senatusconsulto,

56 2301 151 2372 quod,
167 2311 226 2356 etc.

95 2409 148 2477 IV,
164 2406 192 2463 3:
205 2418 307 2463 tuetur
316 2407 479 2484 vulgatum,
492 2411 547 2464 sed
556 2411 594 2465 ab
605 2411 754 2484 agentibus
763 2409 899 2477 habetur,
912 2416 941 2462 et
950 2405 1064 2480 quaerit,
1074 2409 1134 2464 Cur

55 2496 122 2553 talis
134 2498 237 2555 honor
250 2500 403 2574 agentibus
418 2503 526 2578 gratias
542 2522 557 2558 a
571 2502 698 2575 Trajano
711 2522 771 2559 non
786 2503 823 2558 sit
836 2500 954 2558 babitus
969 2499 1041 2556 alias
1054 2519 1133 2577 quo-

53 2590 131 2666 que?
141 2593 337 2670 Respondeo‚
352 2594 469 2668 quiade
484 2595 540 2651 illis
551 2596 672 2669 privatis
687 2595 789 2671 gratiis
803 2615 865 2651 non
876 2595 1076 2650 intercesserat
1091 2613 1134 2650 se-

52 2685 329 2754 natusconsultum,
340 2685 542 2743 intercesserat
558 2689 595 2744 de
613 2689 747 2763 publicis.
763 2688 882 2746 Senatui
899 2706 971 2764 ergo
986 2688 1133 2744 bonorem

52 2770 157 2844 babet,
166 2794 260 2852 quum
273 2776 364 2851 ipsius
376 2780 556 2850 auctoritati,
569 2780 657 2836 etiam
665 2791 767 2837 contra
776 2792 911 2836 naturam
924 2797 1005 2835 suam
1018 2791 1048 2835 et
1056 2797 1133 2833 com-

53 2868 197 2939 modum,
219 2868 304 2925 cedit.
323 2871 435 2926 Firmat
457 2872 630 2929 sententiam
647 2885 795 2945 nostram,
814 2871 898 2947 quod
914 2869 1066 2946 sequitur,
1082 2869 1134 2923 tibi

52 2959 160 3013 audere
174 2978 288 3014 necesse
301 2973 354 3016 est.

92 3066 130 3135 V,
150 3064 179 3120 8.
193 3067 282 3120 Illum
299 3071 452 3123 tumultum
460 3072 657 3142 proesaevt'isse
675 3091 710 3126 ex
724 3071 871 3127 Vossiano
888 3070 967 3125 libro
988 3069 1069 3125 dedit
1084 3067 1132 3124 vir

52 3155 147 3212 celeb.
161 3158 247 3231 quod
262 3160 376 3234 elegans
392 3178 460 3217 sane
478 3172 507 3217 ct
518 3160 567 3217 vix
584 3182 601 3218 a
618 3162 730 3219 librarii
751 3163 870 3239 ingenio
890 3160 1064 3236 profectum.
1083 3162 1131 3217 Sic
1159 3173 1164 3183 ‘

53 3247 164 3322 placet,
176 3269 271 3326 quum

92 3356 130 3425 V,
144 3375 174 3430 9,
188 3375 226 3411 er
236 3358 364 3412 adversas
375 3360 504 3414 secunda
517 3371 678 3414 nascantur
687 3360 775 3416 etiam
786 3360 853 3417 ideo
863 3358 994 3436 praefert,
1007 3357 1077 3434 quia
1088 3373 1131 3412 se·

55 3445 166 3500 martum
176 3446 277 3503 statim
287 3449 399 3505 mentio
410 3448 576 3522 subjicitur.

91 3553 151 3624 IX,
163 3572 191 3610 a.
204 3555 349 3612 Nonsatis
363 3567 496 3613 accurate
505 3557 634 3613 rationes
649 3557 779 3614 subduxi
792 3558 822 3614 in
832 3555 1129 3631 Patriciiexplicatio·

54 3661 105 3715 ue,
119 3664 214 3720 quum
233 3660 302 3720 post
321 3649 421 3704 locum
440 3649 532 3705 Taciti
555 3648 665 3723 subjeci
684 3650 789 3719 verba,
806 3650 871 3724 quis
891 3661 989 3702 autem
1010 3653 1129 3705 consule

55 3737 178 3792 clarior?
194 3738 259 3795 Hoc
269 3740 348 3796 enim
358 3741 392 3797 in
401 3741 563 3813 Trajanum
577 3754 692 3815 patrem
702 3763 739 3797 an
753 3740 927 3812 conveniat,
941 3742 1128 3798 vehementer

54 3825 197 3885 incertum
208 3844 264 3902 est,
273 3851 366 3906 quum
379 3851 437 3889 nm
449 3846 574 3907 constet,
582 3854 621 3891 an
634 3835 698 3908 ejus
711 3851 831 3911 quoque
845 3846 937 3908 pater,
950 3835 981 3891 id
991 3847 1043 3906 est,
1055 3855 1127 3892 avus

54 3919 200 4000 Principis
214 3926 335 3998 optimi,
348 3927 503 3983 consulatu
519 3928 637 3995 functus
653 3928 760 3983 fuerit?
775 3927 938 3984 tacentibus
955 3929 1068 4000 Fastis,
1080 3941 1127 3984 ta-

53 4025 135 4070 cente
149 4015 216 4092 ipso
233 4016 339 4075 Plinio.
357 4021 461 4094 Itaque
479 4021 621 4079 sollicitor
630 4023 727 4098 legere
739 4019 768 4078 h.
781 4023 801 4077 l.
822 4023 984 4078 Credentne
993 4023 1124 4096 posteri,

54 4103 228 4178 Pometiam,
242 4121 272 4166 et
291 4109 446 4169 Consulari
451 4153 549 4170 .....
556 4116 694 4190 genitum.
713 4113 793 4171 Nihil
811 4114 869 4172 fuit
889 4114 1019 4186 facilius,
1034 4131 1124 4190 quam
