2648 4830
205 435 254 481 th
580 410 700 479 VITA
725 410 906 483 PLINII.

206 559 319 606 natum
334 541 499 622 Plinium,
515 556 547 604 et
563 562 665 627 quum
681 541 741 605 iste
755 541 1009 626 interficeretur,
1026 541 1093 607 fere
1106 542 1282 612 octemiem

204 650 305 713 fuisse
329 647 511 735 apparebit.
538 647 634 710 Pater
653 649 688 711 G.
707 649 855 712 Caecilius
874 648 921 736 (4)
941 651 1109 714 Comensis
1127 668 1213 727 erat,
1241 653 1283 719 de

202 779 272 845 quo
290 755 374 819 nihil
392 753 591 841 reperimus,
619 754 682 817 nisi
708 754 796 841 quod
814 757 887 840 'ejus
911 756 1016 843 gentis
1041 756 1123 836 fuit,
1150 781 1190 822 ex
1215 781 1282 846 qua

200 863 389 942 Caecilium,
410 877 540 949 poetam
555 875 721 942 tenerum,
737 860 878 924 sodalem
893 883 1010 944 suum,
1026 879 1058 926 et
1076 864 1182 950 ipsum
1197 887 1281 953 quo·

201 991 268 1056 que
284 968 583 1046 Novocomensem,
599 967 745 1030 Catullus
757 966 866 1030 laudat
878 969 1023 1032 carmine
1036 969 1194 1033 ΧΧΧΙΙΙ.
1209 971 1280 1034 Ma·

202 1091 252 1140 ter
270 1073 397 1150 Plinia,
412 1074 447 1138 C.
468 1073 568 1135 Plinii
587 1073 802 1155 Veronensis,
824 1073 881 1161 qui
900 1074 1088 1138 Naturalem
1102 1075 1279 1140 Historiam

201 1181 352 1268 reliquit,
371 1203 480 1258 soror,
499 1201 570 1267 quae
583 1181 699 1243 amisso
715 1179 851 1259 marim,
869 1181 902 1243 in
922 1179 1022 1244 domo
1037 1181 1144 1246 fratris
1161 1183 1281 1248 mansit

200 1288 268 1370 Vl,
288 1288 346 1369 16,
365 1292 405 1367 4,
428 1302 461 1350 et
476 1307 527 1374 ep.
543 1308 606 1368 ao,
625 1308 644 1348 a
664 1308 730 1374 quo
749 1285 834 1350 filius
850 1286 1022 1374 adoptatus
1041 1287 1168 1370 fuerat,
1182 1290 1221 1368 V,
1238 1285 1278 1372 8,

203 1393 242 1476 5,
269 1395 326 1480 qui
348 1391 424 1457 ideo
442 1392 476 1455 in
496 1413 615 1456 nomen
644 1390 678 1454 C.
701 1390 799 1454 Plinii
819 1392 957 1456 Secundi
976 1395 1145 1476 successit,
1172 1419 1279 1482 quum

200 1516 293 1565 antea
311 1499 456 1563 Caecilius
473 1513 554 1562 esset
572 1495 631 1584 (5).
660 1497 788 1560 Patrem
809 1497 975 1561 Caecilium
1002 1515 1126 1563 mature
1149 1501 1278 1584 amisit,

151 1642 153 1648 ·
186 1604 354 1670 educatus
374 1627 452 1668 cura
470 1603 579 1666 matris
597 1617 628 1665 et
647 1602 817 1682 avunculi,
837 1625 897 1666 nec
916 1625 983 1666 non
1000 1605 1118 1668 tutoris
1130 1606 1279 1694 Verginii

105 1688 108 1709 ¹
200 1711 296 1792 Rufi,
313 1711 365 1790 ΙΙ,
385 1732 417 1788 1,
434 1706 525 1794 8(6).
545 1706 666 1770 Studiis
683 1706 829 1795 impense
848 1730 865 1769 a
883 1730 986 1794 puero
1006 1708 1155 1774 addictus
1173 1711 1276 1795 adeo,

201 1832 239 1881 nt
257 1815 387 1880 decimo
405 1829 522 1901 quarto
543 1813 642 1876 aetatis
658 1834 746 1876 anno
762 1812 951 1902 tragoediam
966 1837 1100 1904 graecam
1119 1816 1279 1882 scriberet

200 1920 286 2003 Vll,
302 1925 339 2000 4,
354 1943 394 1999 a,
414 1918 543 1981 Livium
561 1915 818 1991 adolescentulus
835 1919 957 2007 legeret
969 1920 1033 2000 Vl,
1049 1940 1110 2001 20,
1129 1921 1168 2002 5,
1183 1923 1278 1988 Cice·

200 2047 314 2093 renem
332 2025 427 2089 etiam
444 2017 574 2086 adultus
593 2023 798 2086 aemularetur
816 2023 871 2104 IV,
895 2025 933 2098 8,
953 2029 993 2106 4,
1014 2047 1081 2088 non
1098 2043 1277 2092 contentus

170 2124 172 2127 ⁵
200 2133 310 2198 saeculi
323 2128 508 2218 eloquentia
521 2129 555 2210 1,
570 2126 599 2209 5,
616 2151 672 2207 12,
691 2129 724 2190 in
740 2129 833 2213 cujus
844 2128 952 2193 studio
965 2147 1162 2218 praeceptore
1172 2134 1278 2218 Quin·
1318 2214 1320 2223 Ι

198 2238 314 2302 tiliano
331 2257 408 2302 usus
427 2249 474 2299 est
491 2235 538 2314 ΙΙ,
556 2237 614 2316 14,
629 2255 665 2321 9,
684 2250 717 2298 et
731 2234 845 2299 Nicete
858 2235 1031 2300 Sacerdote
1042 2237 1156 2320 VI,6,
1174 2237 1193 2302 3
1213 2239 1274 2327 (7),

202 2461 308 2514 semper
316 2442 367 2495 viri
377 2439 520 2494 doctissimi
531 2439 613 2493 vitam
623 2437 712 2502 Plinii,
798 2442 835 2508 (6)
853 2441 907 2492 Nec
925 2439 972 2493 diu
988 2440 1111 2512 adoptivo
1129 2452 1206 2512 patre
1223 2441 1278 2499 frui

200 2533 232 2574 nt
241 2523 336 2574 iterum
346 2520 416 2573 edita
425 2532 478 2584 est,
488 2519 626 2589 adscriptis
636 2518 712 2570 annis
762 2517 801 2569 illi
814 2520 904 2582 licuit,
915 2519 961 2590 qui
972 2521 1003 2570 A.
1011 2521 1041 2572 C.
1051 2520 1176 2582 LXXIX,
1184 2519 1278 2592 ¹quum

203 2600 283 2653 aetatis
294 2595 431 2670 et’quoties
443 2618 510 2670 opus
521 2609 576 2660 est,
587 2615 712 2668 paragra·
761 2597 854 2650 XVIII
867 2599 948 2650 aetatis
958 2617 1057 2651 anuum
1067 2609 1171 2669 ageret,
1182 2600 1278 2656 incen-

201 2679 285 2752 phis.)
762 2676 806 2730 dio
817 2677 926 2730 Vesuvii
939 2677 1054 2748 perierit.
1069 2676 1142 2741 Quid
1161 2677 1218 2748 ipse
1234 2677 1277 2730 in·

239 2761 277 2828 (4)
286 2759 351 2822 Quae
360 2775 425 2827 gens
433 2757 551 2827 plebeia,
562 2754 608 2808 sed
616 2755 712 2807 nobilis
762 2757 839 2809 terim
848 2757 943 2808 Miseni
959 2756 1051 2825 egerit,
1064 2766 1154 2808 narrat
1164 2757 1216 2820 VI,
1231 2775 1276 2810 ao.

203 2837 311 2901 eadem,
319 2837 436 2889 lllasson.
447 2837 475 2899 Ι,
488 2855 512 2886 a.
521 2834 637 2886 Deillius
647 2834 714 2885 anti·
796 2838 833 2905 (7)
846 2837 884 2888 De
898 2834 1063 2900 Quintiliano
1082 2853 1167 2906 nuper
1183 2834 1277 2908 dispu-

202 2915 712 2990 quitateipseNosterVIII,1o,3,quum
761 2916 887 2976 tavimus,
900 2915 927 2964 in
938 2914 1010 2984 prael.
1021 2915 1036 2981 5
1046 2933 1073 2978 9,
1084 2932 1124 2984 sq,
1133 2915 1172 2966 De
1184 2914 1277 2968 Nicete

203 3017 253 3048 non
275 3000 368 3048 subitas
387 2997 505 3062 imagines
526 3012 541 3046 a
560 3011 608 3045 suo
633 2992 712 3043 etiarn
761 2992 1277 3066 vid.Mass0n.XIV,4.Quamjucunde

202 3077 284 3130 latere
294 3085 494 3128 commemorat.
507 3074 548 3124 An
557 3073 610 3123 huc
619 3070 714 3122 referri
761 3071 830 3123 illius
840 3069 963 3140 temporis
974 3081 999 3122 et
1011 3071 1107 3123 schole
1116 3072 1275 3126 memoriam

202 3155 316 3208 debeant
334 3163 423 3204 statuae
440 3151 589 3223 principum
602 3151 631 3201 in
644 3149 712 3218 agris
761 3150 926 3221 usurpaverit
943 3161 1048 3214 noster,
1061 3151 1117 3220 ipse
1135 3140 1214 3204 docet
1228 3154 1275 3216 11,

196 3237 334 3302 perplures
340 3234 499 3282 successiones
510 3229 612 3282 traditae
620 3230 656 3292 X,
668 3235 711 3292 24,
764 3231 806 3293 18,
820 3250 843 3281 1.
861 3227 1062 3299 Condiscipulos
1076 3228 1170 3282 habuit
1182 3231 1274 3284 Voco-

205 3331 231 3379 1,
242 3313 310 3366 forte
319 3309 449 3382 disputari
461 3310 552 3380 possit.
760 3309 834 3360 nium
849 3309 923 3359 Rom.
938 3308 975 3372 It,
994 3309 1037 3371 13,
1051 3309 1077 3372 5,
1091 3319 1117 3360 et
1128 3310 1205 3362 Rom.
1217 3310 1275 3362 Fir·

185 3437 189 3446 ,
238 3395 276 3462 (5)
290 3393 331 3443 Ita
344 3402 449 3453 tamen,
463 3401 493 3440 ut
508 3390 600 3439 cecilii
615 3396 712 3439 nomen
761 3407 833 3440 mum
842 3426 849 3451 ,
858 3404 919 3457 erga
927 3405 1005 3458 quem
1014 3387 1130 3439 liberalis
1137 3400 1177 3440 est
1187 3389 1216 3453 Ι,
1230 3407 1273 3457 19.

201 3491 257 3526 non
271 3472 439 3532 immutaret,
454 3478 499 3521 aut
511 3466 667 3537 produceret
682 3465 710 3516 in
759 3467 832 3519 Alios
846 3484 952 3536 quoque
966 3479 1110 3530 memorat,
1122 3467 1171 3538 qui
1183 3466 1274 3521 adole-

203 3554 373 3609 Caecilianum,
389 3545 462 3618 quod
479 3546 562 3598 libera
578 3562 633 3614 rep.
653 3543 712 3595 lieri
759 3545 885 3598 scentiam
900 3564 974 3597 suam
989 3545 1172 3609 formaverint,
1183 3559 1214 3599 ut
1224 3547 1290 3613 Co·

201 3629 310 3682 solebat.
330 3626 538 3696 Etiamretinuit
554 3623 711 3676 senatoriam
759 3625 963 3689 rel.Rul.I,1a,
976 3623 1129 3696 12,Hispul.
1142 3627 1200 3696 ejus
1207 3645 1273 3680 uxo·

183 3748 185 3753 .
199 3710 281 3780 patris
288 3706 455 3777 dignitatem,
463 3725 546 3777 quum
554 3705 623 3756 intra
631 3722 710 3774 eque·
758 3723 815 3755 rem
825 3704 875 3766 IV,
885 3722 927 3771 19,
937 3723 963 3774 7,
971 3703 1046 3754 Arul.
1054 3704 1151 3756 Rustic.
1158 3704 1184 3768 Ι,
1193 3714 1224 3771 14
1228 3743 1237 3770 ,
1247 3723 1270 3759 1.

200 3799 280 3842 utrem
300 3785 457 3838 substitisset
476 3785 632 3838 avunculus.
646 3782 708 3835 Vid.
756 3783 837 3854 Spem
854 3782 921 3835 dese
928 3801 1053 3853 magnam
1063 3783 1212 3837 concitasse
1222 3803 1273 3838 no·

199 3866 315 3920 Messon.
336 3865 364 3926 Ι,
380 3868 406 3915 6·.
426 3866 556 3917 Caeterum
578 3865 641 3916 huic
662 3881 709 3914 auo
760 3873 859 3924 strum,
874 3861 936 3913 inde
949 3880 1057 3932 quoque
1070 3875 1189 3934 apparet,
1197 3862 1272 3935 quod

198 3945 268 4017 putri
280 3943 404 4014 adoptivo
420 3943 643 3997 immortalitatem
662 3943 709 3995 ad·
758 3944 874 4008 oppidum
880 3944 983 4008 prediis
994 3941 1076 4011 ipsius
1088 3943 1211 4004 vicinum,
1219 3946 1270 3994 'tt'-

196 4026 280 4098 juvit,
296 4024 378 4074 libros
392 4034 418 4074 et
429 4022 487 4073 vitae
498 4023 568 4075 illius
580 4024 709 4077 rationem
750 4022 853 4087 fimum
866 4021 1003 4070 Tiberinum
1013 4018 1096 4091 (quod
1107 4022 1174 4071 Citari
1185 4024 1213 4071 di
1226 4023 1271 4072 ea·

197 4101 434 4157 commemorando
451 4101 508 4162 ΙΙΙ,
529 4102 556 4164 5,
573 4114 600 4155 et
618 4099 708 4154 mortis
757 4100 836 4165 stello)
846 4117 917 4163 poerte
931 4101 1011 4150 adhuc
1018 4119 1124 4167 puerum
1132 4114 1270 4168 patronum

199 4199 280 4256 genus
294 4178 451 4236 celebrando
462 4179 516 4243 VI,
532 4183 574 4234 16,
758 4180 883 4244 cooptavit
895 4177 946 4245 IV,
963 4196 988 4243 1,
1001 4185 1027 4244 4.
