2648 4830
408 363 440 428 J.
467 363 514 428 M.
540 360 785 431 GESNERI.
1047 385 1132 431 xxix

57 485 210 581 exempla
234 496 431 578 sequentem
454 507 532 550 mox
555 483 731 551 colluviem
752 507 793 551 eo
816 483 977 550 sustinere
1002 483 1133 553 facilius

57 614 253 697 potuerunt.
274 601 447 668 Suavitate
465 612 593 685 tecum,
611 597 835 669 Illustrissime
853 599 993 685 Comes,
1011 597 1132 691 agendi

59 730 238 811 provectus
255 712 395 782 modum
414 710 561 805 epistolae
577 712 647 804 jam
663 736 813 806 egressus
831 736 915 780 sum.
938 712 1003 780 Sed
1021 737 1131 807 neque

59 828 239 899 intercedit
259 841 317 895 tua
343 826 553 912 humanitas,
571 848 640 918 quo
664 825 776 892 minus
801 824 930 917 reliqua
955 825 1130 918 adjiciam,

59 968 130 1038 quae
148 944 186 1010 in
205 941 318 1009 fronte
335 940 436 1033 hujus
453 938 532 1007 libri
543 938 692 1013 ,dicenda
713 938 837 1026 habeo,
856 963 996 1034 quaeque
1014 965 1054 1010 eo
1075 938 1129 1008 lu·

58 1057 193 1125 bentius
211 1067 417 1148 cognoscent
438 1052 578 1121 lectores
597 1052 737 1146 reliqui,
755 1053 781 1123 si
800 1067 832 1121 te
850 1078 917 1121 una
932 1068 1128 1147 presentem
1147 1128 1150 1132 ,

59 1172 152 1266 quasi
180 1169 295 1237 animo
323 1191 383 1236 suo
407 1167 599 1236 habuerint.
626 1166 744 1255 Quid?
759 1166 850 1260 quod
869 1192 1003 1261 possum
1026 1170 1127 1237 etiam

57 1289 90 1354 in
104 1268 308 1378 quibusdam
325 1280 368 1349 ad
383 1281 620 1350 conscientiam
634 1295 726 1348 tuam
741 1303 941 1374 provocare,
957 1296 991 1350 et
1005 1296 1125 1352 testem

59 1415 110 1484 te,
126 1399 291 1492 majorem
308 1397 521 1488 exceptione,
535 1394 692 1463 exhibere
711 1420 720 1463 ε
740 1410 778 1464 ut
797 1397 831 1462 in
850 1420 908 1482 eo,
927 1421 1028 1490 quam
1041 1421 1127 1492 saepe

61 1513 204 1608 optarim
216 1507 500 1605 ,⁴Panegyricum,
514 1523 553 1578 ut
571 1534 662 1578 nunc
675 1533 851 1595 vocamus,
863 1511 930 1577 sive
943 1512 1126 1603 gratiarum

62 1627 228 1696 actionem
243 1620 343 1695 Plinii
361 1625 481 1712 nostri,
507 1624 689 1717 pretiosum
708 1621 790 1691 illud
810 1623 904 1691 istius
924 1625 984 1691 aevi
1004 1649 1126 1694 monu-

63 1755 234 1826 mentum,
256 1734 462 1807 celeberrimi
489 1737 667 1807 Schwarzii
689 1737 800 1805 studio
826 1737 1027 1831 expolitum,
1048 1755 1126 1809 ante

62 1853 211 1946 prodire,
236 1876 340 1946 quam
368 1849 478 1919 denuo
504 1850 604 1935 mihi,
630 1864 707 1944 post
729 1875 867 1944 parvam
889 1850 981 1919 illam
1004 1851 1127 1921 editio·
1229 1942 1231 1947 Ι

62 1991 153 2054 nem,
169 1991 240 2036 una
256 1991 333 2034 cum
352 1962 514 2058 epistolis,
532 1966 602 2032 sine
620 1989 660 2032 eo
679 1966 790 2034 minus
809 1962 922 2061 gratiae
941 1965 1124 2056 habituris,

63 2081 279 2174 proferendus
297 2094 391 2149 esset.
409 2079 469 2147 Illa
486 2079 550 2147 viri
569 2078 751 2148 doctissimi
770 2081 940 2151 cunctatio
959 2079 1031 2174 (sed
1049 2106 1127 2150 cun·

64 2211 167 2265 ctator
178 2196 242 2265 fuit
256 2195 357 2264 etiam
367 2193 502 2287 Fabius)
519 2193 616 2281 facit,
631 2193 719 2262 utde
730 2194 932 2280 fatisPlinii‚
942 2195 983 2263 ab
998 2220 1038 2263 eo
1048 2195 1128 2271 inde,

65 2323 228 2404 tempore,
247 2333 314 2402 quo
338 2307 479 2402 publicis
503 2308 590 2401 typis
615 2308 780 2377 committi
803 2309 904 2402 coepit
923 2309 1126 2406 (conjuncta

66 2425 149 2491 enim
165 2423 236 2491 sere
254 2421 472 2515 epistolarum,
487 2429 520 2488 et
537 2421 732 2515 Panegyrici
750 2446 821 2489 sors
835 2418 914 2513 fuit)
935 2421 1041 2514 deque
1059 2448 1126 2491 ma-

65 2537 259 2631 nuscriptis,
274 2537 331 2628 qui
347 2534 457 2603 adhuc
470 2548 618 2620 exstant,
633 2535 866 2627 supersedeam
879 2535 1006 2623 dicere,
1020 2562 1125 2630 quum

65 2651 153 2720 facile
175 2649 395 2744 praevideam,
414 2646 564 2742 pleniora
586 2649 699 2717 omnia
722 2663 757 2718 et
780 2649 923 2718 certiora
944 2648 1037 2718 illum
1059 2653 1126 2720 suis

65 2791 98 2835 ex
121 2758 290 2835 thesauris
312 2764 390 2833 dare
409 2789 513 2857 posse.
533 2764 619 2851 Quae
645 2763 761 2832 eadem
783 2788 896 2833 caussa
922 2766 1004 2852 fuit,
1023 2781 1060 2834 ut
1085 2792 1125 2836 eo

65 2880 188 2950 facilius
213 2877 404 2973 bibliopolae
429 2876 567 2945 consilio
593 2876 732 2970 obsequi
754 2878 789 2944 in
811 2879 874 2946 hac
895 2877 1040 2947 editione
1066 2879 1123 2948 de-

65 2997 231 3064 creverim.
256 2997 314 3062 Est
334 3007 467 3077 autem,
490 3005 528 3058 ut
550 2991 661 3059 obiter
688 3016 765 3060 eum
788 2992 873 3076 tibi,
900 2990 1125 3062 Illustrissime

66 3112 198 3196 Comes,
214 3104 464 3191 commendem,
480 3106 617 3200 Caspar
627 3106 829 3191 Fritschzics,
844 3105 946 3174 frater
968 3107 1125 3194 Thomae,

66 3219 177 3312 (quem
200 3217 385 3310 principem
412 3214 462 3281 sui
483 3216 614 3306 generis
636 3215 806 3283 bominem
827 3215 926 3284 suisse
947 3215 1125 3310 accepisti)
1190 3242 1193 3249 ‘

65 3323 133 3392 talis
152 3322 226 3407 vir,
248 3346 315 3414 quo
339 3347 437 3390 nemo
461 3324 568 3414 magis
590 3322 747 3417 iutelligit
771 3327 1006 3419 negotiationis
1032 3328 1126 3394 istius

65 3429 205 3499 librariae
224 3432 385 3517 rationes,
400 3454 499 3498 nemo
519 3434 711 3524 generosius
727 3432 796 3503 illas
811 3433 1046 3527 liberaliusque
1064 3448 1126 3503 tra·

65 3554 145 3627 ctat,
167 3539 327 3634 indignus
348 3538 488 3633 proinde
508 3542 649 3633 injuria,
667 3568 733 3635 qua
754 3543 887 3612 afficere
905 3541 999 3610 illum
1017 3568 1127 3638 nuper

64 3649 181 3744 aliquis
204 3650 294 3718 circa
314 3650 494 3741 scriptores
515 3651 563 3718 rei
584 3654 733 3739 rusticae,
753 3653 857 3745 ipsius
877 3667 1032 3746 sumptu,
1052 3679 1128 3723 mea

64 3760 299 3854 qualicumque
317 3783 439 3852 opera,
455 3759 580 3848 editos,
596 3777 734 3830 conatus
752 3774 802 3829 est
817 3787 826 3848 ;
840 3776 979 3831 conatus
995 3778 1066 3850 est,
1080 3766 1128 3832 in-

63 3893 177 3961 quam,
200 3893 270 3936 non
302 3867 424 3936 affecit.
445 3871 510 3937 Per
537 3872 646 3963 ipsum
673 3869 822 3963 profecto
848 3886 882 3940 et
907 3874 1028 3967 ipsius,
1047 3874 1128 3943 dum

64 3977 206 4064 viveret,
222 3977 361 4045 fratrem
379 4002 446 4045 non
467 3980 576 4066 stetit,
594 4003 663 4072 quo
683 3979 792 4049 minus
807 3981 969 4075 quidquid
988 4007 1129 4074 usquam

67 4104 148 4156 esset
170 4087 405 4182 praesidiorum
426 4104 677 4181 compararetur
695 4089 736 4158 ad
754 4091 963 4160 exornandos
986 4091 1058 4160 illos
1077 4115 1130 4159 ru·
