2648 4830
197 359 306 405 xxx1v
403 338 431 402 J.
457 328 505 403 M.
535 335 774 403 GESNERI
801 337 1066 404 EPISTOLA

198 461 388 544 Plinianus,
406 484 506 552 quem
527 472 565 525 tu
583 474 723 552 propter
742 459 877 552 negotia
895 474 954 528 tua
972 485 1042 528 non
1059 459 1236 554 attigeras,
1252 488 1273 530 a

199 570 250 640 Cl.
269 571 451 638 Arntzenio
468 567 595 655 editus,
610 593 628 635 e
643 593 711 661 quo
727 569 904 663 decerpere
921 570 1073 663 quaedam
1091 569 1272 641 lectoribus

153 678 159 703 ‘
198 681 300 751 Plinii
318 679 515 776 profutura,
530 693 564 746 et
579 692 696 748 nostra
715 679 792 747 inde
807 679 860 748 vel
878 704 1000 774 augere
1018 679 1072 749 vel
1093 682 1271 749 emendare

197 790 324 860 liceret.

248 903 320 994 Age
340 900 465 993 igitur,
483 924 558 992 quae
582 898 712 985 addita,
731 898 897 986 detracta,
921 901 1113 987 immutata,
1137 899 1273 969 defensa

199 1008 318 1077 vellem
332 1010 368 1075 in
382 1007 544 1077 Plinianis
561 1009 650 1077 curis
666 1009 808 1091 nostris,
830 1009 921 1102 apud
939 1025 971 1078 te
991 1010 1137 1078 breviter
1157 1027 1271 1105 perse-

200 1144 302 1215 quar3
325 1119 612 1218 quodobversans
631 1119 744 1186 animo
761 1145 836 1186 meo
857 1135 914 1188 tua
934 1120 1044 1215 imago
1066 1146 1172 1214 quum
1195 1120 1273 1191 dul-

201 1230 272 1297 cius
286 1228 383 1311 mihi,
398 1224 562 1323 quidquid
574 1229 639 1297 hoc
652 1244 702 1296 est
716 1228 854 1317 laboris,
866 1230 979 1317 faciet,
992 1245 1065 1298 turn
1080 1232 1107 1299 si
1122 1232 1180 1324 qui
1195 1247 1274 1300 sunt

200 1339 339 1434 igniculi
360 1341 395 1407 in
412 1341 510 1408 nobis
529 1338 673 1434 ingenii,
692 1365 747 1408 eos
766 1339 832 1408 leni
849 1341 944 1433 quasi
963 1341 1086 1434 spiritu
1103 1341 1270 1410 excitabit.

200 1452 280 1519 Non
298 1475 431 1535 vereor,
448 1476 490 1519 ne
509 1448 716 1518 voluntatem
735 1464 827 1517 tuam
847 1448 1035 1535 offendam,
1051 1449 1158 1517 sicubi
1178 1474 1197 1516 a
1214 1465 1274 1518 tua

202 1560 364 1629 sententia
385 1561 575 1629 discessero.
599 1558 723 1627 Melius
745 1560 832 1627 inter
854 1585 916 1628 nos
937 1559 978 1628 de
999 1560 1152 1628 maximis
1174 1559 1274 1629 rebus

201 1672 375 1751 convenit,
386 1695 487 1762 quam
502 1684 539 1737 ut
553 1669 684 1737 minuta
698 1669 983 1762 disputatiuncula
997 1672 1187 1738 animorum
1198 1695 1276 1738 con·

197 1783 426 1874 junctionem,
445 1780 660 1848 sanctissimis
683 1778 876 1847 adstrictam
897 1778 1056 1873 vinculis,
1076 1778 1276 1847 labefactare

201 1891 321 1983 possit,
336 1904 396 1957 aut
415 1888 610 1956 convellere.
621 1891 788 1957 Caeterum
807 1914 876 1956 non
893 1890 964 1981 ejus
982 1889 1083 1957 modo
1102 1888 1275 1958 brevitatis

201 1999 257 2066 hic
275 2023 403 2067 memor
423 2022 498 2082 erc,
512 2023 612 2091 quam
635 1998 706 2090 ipsa
725 1999 819 2091 quasi
841 2000 982 2091 imperat
999 2000 1195 2086 necessitas;
1216 2001 1275 2068 sed

203 2109 306 2176 totius
326 2110 426 2175 etiam
445 2107 575 2175 consilii
595 2108 696 2200 hujus
719 2108 885 2176 editionis.
902 2110 1018 2196 Quum
1038 2109 1127 2175 enim
1145 2133 1274 2177 nonen

204 2233 327 2313 spectet
348 2217 442 2286 labor
460 2231 591 2303 noster,
611 2231 649 2285 ut
663 2217 847 2310 integritati
862 2217 964 2285 Plinii
986 2215 1181 2310 scrupulosa
1199 2216 1274 2285 dili-

204 2329 314 2422 gentia
330 2326 540 2411 consulatur,
554 2351 655 2420 quam
672 2326 896 2419 provinciam,
911 2342 1075 2420 quantum
1090 2327 1132 2393 ad
1151 2328 1274 2420 episto·

204 2435 270 2524 las,
284 2437 424 2531 pulchre
442 2451 594 2504 ornatam
614 2436 757 2504 sciebam
774 2461 793 2503 a
808 2437 943 2523 Cortio,
965 2450 998 2504 et
1019 2436 1076 2528 qui
1098 2449 1275 2503 succentu-

203 2547 308 2617 riatus
330 2545 378 2614 illi
406 2547 469 2615 fuit
488 2520 676 2641 ‘Longoli03
707 2547 741 2614 in
762 2546 966 2641 Panegyrico
991 2561 1120 2629 autem,
1143 2546 1207 2642 (ne
1233 2546 1275 2614 de

203 2655 275 2730 Cet..
292 2657 480 2775 Schuparzio
495 2657 550 2724 hic
568 2656 694 2752 dicam)
719 2657 754 2724 id
769 2657 859 2751 quod
877 2682 1083 2751 speraveram
1100 2657 1274 2743 futurum,

202 2767 360 2862 praeclare
375 2768 491 2836 eadem
504 2767 658 2836 functum
677 2768 771 2849 video
790 2767 1019 2842 doctissimum
1038 2768 1276 2856 Arntzenium,

203 2879 261 2971 qui
274 2879 337 2944 viri
355 2902 417 2945 suo
430 2877 544 2946 labore
559 2876 761 2946 infuturum
777 2902 911 2972 quoque
926 2891 1185 2970 prospexerunt,
1200 2901 1276 2971 pro

202 2987 428 3081 spicientque,
459 3012 502 3055 ne
531 3002 671 3074 temere,
697 2986 749 3056 vel
777 2990 914 3081 impune
940 2986 1040 3074 adeo,
1069 2987 1212 3079 grassari
1239 2989 1274 3055 in

175 3178 177 3184 Α
202 3093 350 3167 Plinium
372 3097 476 3190 possit
497 3098 612 3165 critica
634 3096 786 3183 licentia3
806 3095 868 3169 xsed
892 3112 931 3165 ut
949 3097 1159 3166 commodius
1176 3096 1275 3190 lega-

202 3221 260 3275 tur
283 3207 427 3300 scriptor
446 3208 717 3295 venustissimus,
737 3223 837 3303 atque
863 3207 1088 3304 intelligatur,
1109 3208 1201 3301 quod
1220 3210 1274 3302 ip-

202 3343 276 3387 sum
305 3320 340 3385 in
369 3317 509 3412 epistola
539 3319 581 3386 ad
612 3317 874 3387 illustrissimum
894 3320 1091 3387 Ruthenum
1117 3318 1275 3386 comitem

202 3430 371 3523 professus
388 3454 461 3497 sum
481 3455 488 3497 :
509 3443 647 3522 propter
664 3428 724 3496 has
743 3454 874 3497 caussas
892 3430 989 3497 venia
1007 3428 1105 3496 nobis
1123 3427 1277 3515 dabitur,

202 3540 294 3632 quod
320 3565 391 3607 non
415 3565 545 3608 morose
573 3553 606 3607 et
636 3538 679 3605 ad
711 3563 859 3632 unguem
885 3539 1115 3633 persequimur
1140 3538 1275 3625 omnia,

203 3672 307 3741 quum
323 3651 356 3716 in
372 3649 458 3718 libro
475 3651 567 3744 ipso,
587 3663 659 3717 tum
680 3650 715 3717 in
732 3650 797 3719 hoc
815 3653 911 3745 quasi
925 3653 996 3746 ejus
1012 3649 1192 3744 spicilegio.
1209 3649 1275 3716 Sed

202 3781 245 3823 ne
269 3756 428 3826 faciamus
451 3759 589 3852 januam
614 3760 716 3828 domo
741 3763 921 3854 majorem,
947 3786 1036 3847 rem,
1061 3776 1141 3853 age,
1167 3760 1274 3853 ipsam

202 3867 446 3960 aggrediamur.
